2808 4492
19 275 46 325 ’.ᾗ

628 205 690 268 149

120 393 330 462 Obduoere
341 423 383 451 =
395 398 548 480 refellere,
573 399 761 462 convincere
783 401 826 463 46
851 397 941 482 (242)
960 398 1023 464 Sed
1037 399 1113 464 dum
1125 403 1249 467 unicni-

77 525 134 586 qne
172 503 396 568 manifestatur
430 507 549 568 veritas
572 512 691 582 nostra,
715 507 842 569 interim
866 505 1083 583 incredulitas,
1108 505 1183 570 dum
1208 508 1248 574 de

78 609 159 674 bono
183 619 289 676 sectae
312 612 406 675 huius
431 613 603 676 obducitur
625 635 712 697 sqq.;
737 638 780 666 =
803 615 916 697 11111111
940 614 1075 698 coorpni
1099 613 1140 678 50
1167 610 1245 695 (261

76 725 105 779 et
127 715 207 798 262)
232 715 298 781 Sed
321 718 537 794 obdaoirnnr3
561 725 648 782 certe
672 741 745 782 oum
769 718 986 783 obtinuimus:
1011 741 1086 803 ergo
1100 720 1245 801 vicimus,

74 844 144 886 cum
169 823 354 888 occidimur.
378 825 529 909 Denique
546 824 720 900 evadimus,
734 847 807 888 cum
819 826 1021 889 obducimur.
1047 825 1099 890 Of.
1115 824 1245 891 Oehler.

75 929 111 992 ad
134 929 240 1014 Apol:
259 931 301 993 46
327 926 358 1011 (Ι
381 954 411 1015 p.
438 928 533 1011 280);
558 929 706 993 Rinsoh:
730 928 757 993 I.
782 951 812 993 11.
837 929 883 995 V.
907 953 940 1015 p.
965 931 1040 994 387.

116 1032 354 1100 Obsoletare
377 1035 463 1120 apud
486 1034 574 1100 Tert.
601 1035 702 1098 solum
725 1037 887 1100 invenitur
913 1037 952 1099 15
967 1031 1034 1117 (84)
1048 1037 1173 1120 singula
1184 1041 1245 1102 ista

74 1162 217 1225 quaeque
248 1142 354 1206 adhuc
381 1145 575 1226 investigare
607 1144 678 1225 quis
707 1149 825 1226 posset,
860 1145 1085 1228 sinmaiestatis
1110 1147 1245 1229 vestigia

72 1247 277 1312 obsoletant?
298 1248 351 1313 Cf.
377 1248 484 1313 Gloss
512 1247 770 1313 Arabico-‘Lat
794 1271 845 1333 ap.
863 1247 1004 1314 Vulcan.
1022 1273 1053 1334 p.
1069 1251 1149 1314 708:
1168 1251 1243 1328 „ob-

14 1421 15 1438 p
73 1353 174 1432 solito,
199 1355 310 1419 obtero
334 1355 386 1419 vel
409 1355 576 1440 inquino;’'
604 1354 721 1419 Glossa
733 1354 851 1418 Isidori
867 1379 898 1440 p.
917 1356 980 1419 689
996 1354 1111 1421 Vulc:
1129 1357 1242 1432 „obso-

73 1458 194 1540 letatus
219 1462 370 1547 pollutus,
394 1461 608 1547 inquinatus.”

116 1563 334 1632 Obstruere
364 1568 537 1632 insolenter
570 1568 747 1632 adhibitum
778 1567 906 1632 obviam
930 1575 979 1632 est
1002 1589 1030 1632 α.
1053 1568 1195 1633 intrares.
1224 1572 1240 1633 1

18 1693 24 1716 r
73 1666 117 1751 (3)
153 1675 180 1737 si
203 1673 351 1758 denique,
377 1674 463 1758 quod
486 1676 629 1760 proxime
653 1673 779 1751 accidit,
804 1673 988 1738 domesticis
1008 1673 1134 1738 iudiciis
1149 1678 1242 1739 nimis
1292 1736 1294 1739 .

14 1773 16 1802 r
71 1788 199 1862 operata
233 1780 398 1844 infestatio
434 1788 540 1844 sectae
571 1769 665 1843 huius
701 1781 840 1844 obstruit
870 1779 1074 1845 defensioni:
1110 1804 1179 1866 sqq.
1214 1791 1240 1859 β.

14 1955 15 1960 η
71 1888 171 1948 traria.
185 1887 206 1948 4
220 1881 288 1967 (23)
306 1893 465 1971 postremo
488 1886 593 1969 legum
605 1887 787 1949 obstruitur
802 1887 973 1949 auotoritas
990 1886 1144 1950 adversus
1161 1910 1240 1951 eam.

114 1988 320 2071 occupare
343 1989 468 2056 oculis
491 1991 609 2056 dicitur
633 1992 672 2055 17
688 1987 755 2073 (98)
769 1999 910 2062 ceterum
922 1991 1008 2075 quod
1021 1991 1123 2056 videri
1135 2001 1240 2077 potest

14 2135 15 2138 =
68 2099 170 2160 minus
194 2107 245 2180 est
268 2099 367 2162 oculis
392 2098 506 2183 quibus
531 2104 741 2181 onoparnr„

24 3093 28 3102 ·
110 3053 265 3121 Offerre
299 3082 341 3109 =
368 3057 573 3133 denuntiare,
608 3077 769 3132 oocuenre,
807 3057 825 3118 2
863 3051 930 3136 (13)
955 3055 1046 3118 Tunc
1081 3054 1236 3118 Traianus
1349 3068 1351 3072 ·

112 2201 330 2270 occurrere
364 2230 406 2258 =
435 2211 540 2288 potore
573 2206 615 2268 45
639 2198 733 2286 (231)
766 2203 939 2267 Enimvero
963 2226 1021 2267 nos
1044 2206 1157 2268 merito
1181 2206 1239 2268 soli

66 2311 268 2376 innocentiae
302 2313 514 2377 occurrimus.
552 2311 604 2376 Cf.
640 2311 680 2374 de
714 2313 781 2374 eius
821 2310 912 2374 verbi
948 2333 1008 2374 usu
1032 2309 1131 2394 Vulg.
1155 2310 1237 2395 Eph.

65 2415 130 2481 IV.
158 2418 323 2494 13;Phi1;
348 2418 413 2482 ΙΠ.
443 2420 493 2482 11.

112 2521 282 2589 oculare
305 2550 347 2578 =
370 2526 472 2589 oeulis
494 2525 666 2602 instruere,
693 2525 733 2587 21
759 2521 848 2605 (133)
874 2526 928 2608 qni
951 2525 1013 2588 iam
1038 2524 1194 2609 expolitos
1207 2534 1239 2586 et

66 2631 136 2714 ipsa
159 2631 338 2706 urbanitate
362 2631 516 2716 deceptos
539 2633 572 2693 in
588 2632 781 2714 agnitionem
800 2632 945 2694 veritatis
958 2632 1109 2694 ocularet.
1123 2629 1238 2714 Cypri-

64 2758 156 2814 anus,
180 2737 220 2802 de
245 2737 327 2802 Idol.
351 2737 439 2804 Van.
466 2738 506 2802 7:
531 2739 657 2821 ignaros
679 2736 928 2820 adagnitionem
939 2739 1083 2801 veritatis
1100 2738 1236 2801 1111111111.

64 2844 163 2928 Apul.
198 2843 287 2928 Mag.
320 2846 383 2921 63;
423 2843 512 2907 Hier.
549 2827 581 2906 in
605 2842 694 2907 Eocl.
721 2845 750 2907 7.
774 2843 835 2907 col.
860 2843 943 2907 444:
972 2844 1080 2920 „novit
1101 2842 1238 2906 hirundo

65 2948 170 3033 pullos
194 2949 234 3013 de
259 2973 317 3013 sua
340 2950 467 3014 oculare
491 2948 697 3013 chelidonia.”
723 2948 855 3012 Rbnsch
877 2943 905 3012 Ι.
919 2971 949 3012 u.
963 2947 1007 3014 V.
1031 2972 1052 3033 p
1088 2949 1161 3012 161.

63 3165 230 3248 rescripsit
253 3164 314 3228 hoe
337 3186 437 3247 genus
462 3162 669 3247 inquirendos
694 3161 823 3246 quidem
846 3184 912 3226 non
928 3183 1009 3239 esse,
1026 3161 1146 3224 oblatos
1160 3181 1236 3224 vero

63 3271 171 3355 puniri
205 3278 367 3356 oportere:
400 3271 442 3333 44
468 3267 559 3351 (227)
584 3278 639 3332 aut
662 3291 735 3332 cum
759 3268 933 3333 Christiani
957 3290 1014 3332 suo
1038 3267 1130 3330 titulo
1158 3267 1236 3349 offe·

57 3365 197 3453 rimtnr,
222 3378 294 3460 quis
318 3399 357 3440 ex
381 3376 442 3439 illis
467 3377 561 3439 etiam
584 3375 657 3438 talis
681 3375 790 3458 quales
814 3383 862 3438 tot
884 3376 1057 3438 nocentes?

109 3479 301 3546 Officium'
320 3478 456 3547 facere
480 3479 600 3546 alicui
621 3505 664 3533 =
688 3482 848 3544 demereri
872 3482 914 3544 25
940 3476 1030 3561 (158)
1054 3485 1089 3542 ut
1112 3486 1237 3564 praeter

58 3597 189 3654 ceteros
212 3588 346 3653 floreant
370 3591 425 3673 qui
447 3589 516 3652 iliis
539 3588 694 3671 officiam
720 3595 846 3672 praeter
869 3595 992 3651 ceteros
1015 3586 1152 3669 faciam.
1248 3637 1253 3650 .

108 3692 287 3759 Onerare
321 3720 364 3748 =
397 3716 558 3772 accusare,
593 3696 760 3771 damnare,
801 3695 817 3756 1
848 3691 893 3775 (5)
919 3716 1012 3778 quam
1036 3694 1235 3776 iniquitatem

59 3804 151 3869 idem
173 3803 283 3866 titulus
307 3809 432 3868 onerat.
457 3802 509 3867 Of.
534 3802 574 3867 ad
597 3803 672 3866 Nat.
696 3801 723 3865 Ι.
750 3803 769 3864 2
795 3797 885 3881 (274)
911 3799 1026 3876 Credo,
1051 3821 1115 3862 non
1137 3798 1234 3861 vultis

58 3914 214 3976 oneratos
248 3931 327 3993 quos
363 3912 449 3974 omni
484 3932 579 3994 opere
614 3908 756 3994 perditos
791 3907 898 3984 virttis,
930 3928 999 3990 sqq.
1023 3904 1050 3969 I.
1078 3905 1117 3968 10
1142 3901 1233 3985 (299)

58 4018 139 4095 Quo
163 4017 262 4100 magis
286 4017 474 4080 niteremini
496 4014 662 4079 credentes
687 4036 757 4078 esse
785 4021 817 4077 et
828 4020 1079 4089 contemnentes
1092 4010 1233 4075 colentes
