2788 4500
605 275 661 337 *17

52 474 153 538 deleri
190 470 277 558 (proz
309 469 493 551 voluisset);
518 470 560 534 39
585 466 676 550 (206)
700 466 954 532 Herculanarum
978 467 1173 534 decimarum
1196 478 1228 533 et

53 580 266 665 polluctorum
297 586 441 663 sumptus
465 576 611 641 tabularii
634 575 874 658 supputabant,
899 575 1076 660 Apaturiis‚
1102 576 1228 661 Diony·

54 689 121 765 siis,
147 686 305 769 mysteriis
329 664 448 748 Atticis
472 705 622 748 cocorum
647 682 790 746 delectus
813 681 977 744 demaraten·
993 678 1167 761 (inducitur
1177 682 1248 757 b.;·

53 791 199 856 delectus
235 790 416 854 indicentur
449 788 533 871 cde),
569 788 609 853 ad
638 787 761 851 fumum
784 778 1118 872 coenae-Sarapiacae
1143 810 1230 874 spar-

54 898 131 962 teoli
154 898 403 962 caedebantur:
427 894 468 960 de
492 895 560 960 solo
583 894 721 958 triclinio
747 892 999 957 Christianorum
1015 899 1229 969 retractatum

52 1007 95 1068 41
134 1002 223 1084 (220)
260 1005 314 1088 qui
348 1001 449 1086 magis
484 1025 543 1067 vos
578 1003 611 1064 in
646 1001 755 1064 dolore
784 999 1037 1064 Christianorum
1061 1003 1170 1065 iuvare
1195 1010 1227 1065 et

53 1111 202 1175 adserere
229 1112 415 1190 dedimam,
441 1132 521 1194 quos
545 1130 692 1194 separare
716 1107 863 1170 deberent
886 1128 906 1169 a
927 1109 1048 1170 meritis
1073 1107 1229 1172 Christia-

54 1201 192 1281 norum?
217 1214 343 1297 (Verba
371 1239 468 1300 „quos
493 1250 534 1258 -
559 1211 842 1290 Christianorum,”
869 1235 950 1296 quae
973 1215 1173 1298 reperiuntur
1196 1217 1228 1278 in

53 1323 202 1386 omnibus
238 1322 342 1387 Oodd.
379 1321 461 1384 Mss.
497 1329 530 1385 et
565 1301 650 1384 Edd.
686 1319 798 1399 Vett.,·
826 1320 971 1383 delerunt
1007 1321 1039 1384 in
1067 1323 1132 1384 suis
1156 1321 1229 1385 edd.

53 1429 172 1512 Rigalt.
198 1436 231 1492 et-
252 1427 394 1492 Haverc.
419 1430 606 1492 auctoritate
630 1429 723 1491 nnius
747 1426 852 1504 Fuld,
876 1428 930 1510 qui
954 1426 1009 1490 illa
1031 1449 1095 1490 non
1114 1450 1231 1512 agnos-

53 1536 109 1598 cit.
139 1528 246 1598 Etiam
269 1535 409 1605 Oehlero
433 1557 586 1620 perquam
609 1544 758 1620 suspecta
782 1542 832 1597 est
854 1533 907 1596 illa
930 1535 1077 1619 repetitio
1102 1530 1158 1613 ((11.
1175 1557 1229 1620 pg.

53 1642 143 1719 218),
167 1664 226 1707 nec
250 1650 356 1706 tamen
380 1641 442 1705 sibi
454 1640 498 1705 ·id
521 1644 597 1706 iuris
622 1664 746 1705 sumere
769 1640 879 1718 voluit,
897 1649 933 1703 ut
945 1640 998 1703 illa
1010 1641 1228 1726 expungeret.)

98 1747 210 1812 Tunc
233 1769 308 1812 caea
326 1749 496 1831 praesenti
518 1754 657 1831 ternpore
680 1749 892 1812 coartandum
915 1747 1068 1811 habemus
1082 1749 1124 1810 22
1137 1746 1228 1829 (139)

52 1855 292 1940 Dispositiones
334 1857 430 1918 etiam
471 1854 534 1919 dei‘
565 1863 597 1919 et
638 1862 714 1919 tunc
760 1854 922 1940 prophetis
966 1854 1228 1918 concionantibus

54 1966 234 2044 excerpant
247 1957 499 2047 (exceperunttf.
508 1959 664 2042 Haverc.)
676 1971 706 2025 et
714 1983 798 2025 nunc
808 1959 997 2025 lectionibus
1007 1961 1228 2024 resonantibus

53 2075 198 2152 ‹supunt
1153 2060 1173 2071 ”

101 2174 241 2257 Tempus
273 2173 430 2256 satamon
464 2196 483 2238 a
517 2173 648 2238 Tertull.
684 2195 920 2259 nonnumquam
953 2173 1120 2237 adhibetur
1145 2174 1227 2237 idem

50 2281 249 2363 aequistantes
273 2282 360 2363 qaod
381 2283 472 2364 epea
500 2282 636 2345 Graecos
665 2281 837 2365 Optatiana
860 2302 937 2344 aaran
958 2279 1002 2340 ἄν.
1033 2281 1046 2318 ⁹
1075 2282 1116 2343 23
1138 2278 1227 2361 (142)

52 2367 118 2450 non
141 2408 217 2471 crgo
242 2386 368 2470 dignius
387 2393 620 2470 praescribetur
642 2390 729 2473 ipsos
754 2410 824 2451 esse
848 2388 961 2472 quise
989 2385 1066 2450 deos
1091 2387 1227 2462 taciant3

53 2495 96 2555 24
133 2490 224 2572 (153)
259 2491 363 2555 Nemo
400 2514 434 2555 se
474 2491 513 2556 ab
549 2495 650 2556 invito
686 2493 748 2557 coli
783 2496 864 2557 uolet
892 2491 1031 2574 („volet”
1059 2493 1227 2578 praebent:

52 2595 283 2662 ABDEFGtt.
316 2595 463 2664 Vindob.
498 2598 621 2664 Erfurt.
658 2600 779 2665 Oxou:
805 2600 901 2665 vellet
924 2589 1041 2677 adcde;
1066 2599 1128 2662 coli
1151 2599 1229 2663 velit

51 2704 158 2790 Lugd.
193 2704 233 2782 I.‚
269 2704 326 2768 sed
361 2727 517 2790 superscr.
556 2703 705 2787 „volet.”)
742 2709 784 2770 33
814 2705 910 2788 ’(179)
934 2728 998 2771 non
1023 2708 1108 2769 enim
1132 2704 1243 2768 deum.

51 2814 276 2896 imperatorem
311 2810 424 2888 dicam,
461 2811 514 2875 vel
549 2814 623 2896 quia
653 2815 780 2876 mentiri
814 2815 933 2889 nescio,
966 2813 1018 2876 vel
1042 2814 1122 2896 quia
1140 2811 1228 2875 illum

51 2916 199 2980 deridere
234 2939 298 2980 non
322 2917 433 2994 audeo,
459 2917 511 2980 vel
526 2920 608 3002 quia
632 2941 690 2982 nec
714 2920 783 3004 ipse
808 2942 841 2983 se
864 2919 959 2983 deum
978 2920 1060 2982 eolat
1076 2902 1157 2982 dici.
1183 2919 1225 2981 34

51 3021 145 3103 (181)
169 3031 330 3107 tamquam
350 3025 376 3086 si
399 3021 520 3086 habens
544 3025 766 3108 imperatorem
789 3025 921 3089 alterum
945 3026 1097 3112 appelles,
1123 3045 1227 3087 nonne

50 3130 222 3192 inanimam
242 3120 275 3191 et
290 3127 515 3212 inexorabilem
529 3127 683 3193 offensam
695 3132 864 3196 contrahas
877 3134 943 3195 eins
958 3154 1053 3216 quem
1064 3130 1226 3202 habuisti?

50 3237 91 3298 46
130 3231 222 3316 (240)
247 3234 304 3298 sed
327 3235 409 3299 dicet
432 3235 545 3319 aliquis
570 3238 666 3299 etiam
685 3236 725 3301 de
749 3241 866 3302 nostris
890 3238 1044 3302 excedere
1070 3236 1224 3322 quosdam

90 3460 98 3485 ¹
118 3458 195 3514 Sittl.
213 3457 284 3512 Lolr.
302 3458 338 3512 V.
357 3475 402 3528 pg.
424 3459 489 3522 132;
509 3459 655 3513 Koffmane
673 3459 771 3516 cocu.
791 3461 839 3516 des
857 3463 1027 3517 Kirehenlat.
1047 3462 1226 3532 II.pg.1215

51 3548 163 3602 Rbnsch
191 3547 227 3601 It.
257 3564 283 3600 u.
311 3547 346 3600 V.
366 3564 411 3616 pg.
438 3547 498 3612 431,
519 3547 584 3612 543;
608 3549 642 3602 Κ,
662 3549 747 3603 Foth:
767 3550 811 3604 die
830 3551 1037 3621 Verschiebung
1055 3550 1227 3605 lateinischer

49 3638 185 3708 Tempora
216 3635 244 3688 in
275 3635 415 3704 Btluuer's
433 3637 622 3691 romanischen
642 3638 758 3693 Studien
777 3639 816 3692 H.
836 3640 859 3693 8.
879 3658 924 3711 pg.
945 3641 960 3693 3
980 3657 1052 3710 sqq.;
1073 3640 1118 3693 Fr.
1138 3640 1225 3710 Hugo

51 3725 179 3787 Brehme:
198 3724 356 3794 linguarum
374 3724 544 3789 noviciamm
563 3726 655 3781 laxam
673 3733 828 3797 temporum
846 3728 1072 3798 significationem
1091 3729 1145 3781 iarn
1160 3731 1225 3798 pris-

50 3815 88 3866 cis
115 3801 227 3883 linguae
255 3811 370 3866 Latinae
391 3813 560 3882 temporibus
578 3815 607 3868 in
626 3816 732 3887 vulgari
750 3816 902 3872 elocutione
920 3818 1035 3888 perspici
1052 3835 1137 3888 posse,
1158 3818 1224 3872 Got-

50 3904 145 3972 tlugen
165 3901 242 3956 1880.
267 3931 293 3941 -
316 3900 401 3969 (Deze
418 3907 485 3955 noot
502 3901 617 3957 behoo1t
634 3904 672 3975 bij
691 3923 754 3976 pag.
776 3906 827 3974 16.)

87 3989 181 4044 Haase
198 3989 243 4044 bei
262 3989 363 4058 Reisig,
383 3989 459 4044 Vorl.
479 3989 546 4044 iiber
565 3993 612 4048 lat.
632 3993 770 4064 Sprachw.
790 4013 834 4065 pg.
853 3996 906 4049 456
925 4014 963 4065 sq.

26 4083 42 4196 p
92 4077 230 4133 'Kellner
249 4077 322 4148 Sprl.
339 4078 400 4148 Eig.
418 4077 449 4132 T.
469 4079 511 4133 58.
531 4081 582 4134 229
601 4099 659 4152 sqq.
