2808 4492
724 201 765 261 96

155 394 263 478 opinio
300 395 317 456 1
354 392 399 474 (6)
435 416 494 458 nec
529 401 636 457 tamen
669 393 731 458 hoc
764 395 835 478 ipso
870 393 965 457 modo
996 392 1036 457 ad
1067 392 1311 468 aestimatiomm

155 499 288 562 alicuius
322 501 449 563 latentis
480 499 554 562 boni
585 507 774 584 promovent
797 501 918 563 animos
943 498 1059 583 (Agob.
1083 497 1188 583 Lugd.
1212 496 1256 560 H.
1278 493 1310 558 ad

88 593 91 600 ¹
154 605 443 685 epistimationem)
479 607 520 668 24
556 603 645 685 (152)
676 604 772 668 Nunc
806 613 840 667 ut
863 613 1024 669 constaret
1046 605 1117 668 illos
1141 603 1220 668 deos
1244 623 1312 676 esse,

153 733 258 774 nonne
282 703 459 775 conceditis
482 710 522 774 de
545 712 771 775 aestinmtione
794 705 953 774 communi
977 712 1115 796 aliquem
1139 733 1210 774 esse
1227 707 1313 772 subli-

154 819 284 880 miorem
319 825 352 880 et
385 819 595 902 potentiorem
630 820 724 901 sqq?
748 818 790 880 45
815 816 903 898 (228)
928 817 1035 884 Vobis
1059 825 1165 881 autem
1187 817 1312 880 humana

153 923 338 986 aestimatio
361 922 768 1000 11111000111101111101111111,1
796 932 871 988 cett.
897 921 1079 1006 (,ltumana
1106 917 1309 987 enistimatio’¹

153 1026 203 1091 sd.
240 1025 352 1090 Geleu.
393 1029 558 1104 ,bumana
580 1030 746 1093 doetrina”
772 1029 866 1093 Fuld.
890 1029 930 1093 In
954 1030 1083 1114 reliquis
1107 1029 1254 1093 omnibus
1276 1036 1312 1090 est

158 1134 322 1210 ,dicamne
345 1131 573 1215 aestimatio”).
636 1148 638 1152 '

197 1241 332 1304 Audit-io
355 1266 398 1293 =
421 1243 570 1324 cognitio,
606 1240 758 1306 iudicium
783 1243 802 1304 9
827 1240 894 1323 (54)
920 1250 952 1305 et
975 1245 1084 1326 utique
1108 1265 1172 1305 non
1197 1241 1312 1306 deesset

153 1345 246 1409 vobis
269 1349 302 1409 in
325 1347 493 1411 auditione
516 1346 732 1411 custodiarum
748 1356 780 1411 et
797 1347 999 1412 damnatione
1016 1351 1143 1432 sanguis
1156 1348 1312 1412 humanus.

153 1451 207 1525 (oi.
237 1453 372 1516 Goelzer
394 1453 448 1516 lat.
473 1452 513 1516 de
537 1451 584 1516 St.
607 1453 672 1517 der.
697 1476 749 1538 pg.
774 1455 860 1527 274).
890 1454 1117 1538 Compensatio
1133 1479 1175 1506 =
1188 1456 1311 1539 pretium

154 1559 195 1620 50
231 1556 319 1638 (267)
355 1558 423 1623 Ubi
457 1561 602 1638 accessit,
638 1561 703 1644 pati
740 1568 879 1645 exoptat,
914 1569 950 1624 ut
984 1569 1083 1624 totam
1115 1560 1312 1644 deigratiam

153 1664 296 1743 redimat,
321 1673 357 1728 ut
379 1687 504 1729 omnem
528 1667 655 1729 veniam
679 1665 719 1730 ab
743 1689 781 1730 00
804 1667 1064 1750 compensatione
1088 1668 1251 1751 sanguinis
1274 1666 1310 1728 sui

153 1770 323 1856 expediat?
362 1771 582 1854 Oompnlsatio
606 1797 648 1824 =
671 1771 848 1850 dissidium,
873 1772 1036 1837 discordia
1059 1775 1100 1837 21
1126 1771 1217 1853 (125)
1242 1773 1311 1836 Nau
1361 1757 1362 1770 ¹

154 1885 186 1940 et
212 1899 297 1942 nunc
320 1877 493 1943 adventum
517 1881 585 1941 eius
609 1887 788 1964 expectant,
812 1901 872 1944 nec
896 1879 957 1943 alia
979 1881 1080 1963 magis
1105 1882 1189 1944 inter
1211 1903 1267 1944 uos
1288 1887 1312 1940 et

152 1982 222 2046 illos
257 1985 469 2066 compulsatio
504 1993 554 2048 est
589 2007 683 2069 quam
718 1984 803 2069 quod
834 1987 898 2049 iam
930 1989 1058 2050 venisse
1085 1993 1155 2050 hon
1178 1987 1313 2050 creduut.

157 2089 389 2174 Contemplatio
413 2099 642 2176 :respectus
678 2092 719 2154 39
756 2088 845 2171 (207)
881 2115 979 2176 penes
1015 2091 1109 2156 deum
1144 2095 1246 2156 maior
1274 2100 1312 2155 est

151 2196 376 2280 contemptatio
414 2195 629 2260 mediocrium.
669 2194 765 2276 (Voc.
800 2189 970 2283 contempl.
1007 2220 1064 2284 pro
1104 2196 1312 2283 ,respectus”,

150 2323 213 2385 quo
237 2302 414 2385 significatu
437 2301 588 2386 frequens
612 2311 661 2366 est
683 2302 768 2388 apud
790 2302 899 2381 Icus,
923 2307 1084 2368 invenitur
1099 2327 1138 2368 eo
1155 2307 1252 2368 etiam
1269 2326 1311 2388 ap.

150 2405 267 2470 Justin,
292 2407 375 2474 VH.
401 2410 420 2470 5
445 2416 477 2471 et
500 2407 601 2472 VIII.
627 2410 670 2484 3.)

195 2513 376 2596 Dispositio
399 2539 441 2566 =
465 2515 553 2592 ordo,
576 2515 629 2578 lex
653 2517 671 2579 7
697 2512 764 2596 (42)
790 2538 826 2579 ex
852 2517 1064 2600 dispositione
1080 2525 1222 2599 naturae,
1240 2538 1311 2602 quae

149 2621 194 2682 ita
223 2619 391 2698 ordinavit,
416 2629 451 2682 ut
473 2620 551 2684 nihil
575 2619 629 2683 diu
652 2622 758 2685 lateat.
786 2623 825 2684 18
851 2619 940 2703 (100)
966 2621 1030 2686 Sed
1055 2645 1117 2707 quo
1141 2624 1264 2709 plenius
1286 2634 1312 2686 et

149 2727 332 2809 impressius
365 2733 431 2788 tam
462 2728 567 2811 ipsum
602 2749 697 2812 quam
728 2729 955 2812 dispositiones
986 2731 1054 2792 eius
1083 2729 1251 2795 adiremus.
1277 2729 1314 2792 18Ι

149 2829 239 2913 (101)
264 2835 318 2917 qui
341 2834 502 2896 saeculum
526 2835 620 2897 certis
643 2842 821 2919 temporum
843 2836 1115 2918 dispositionibus
1139 2836 1312 2906 ordinavi&

152 2937 191 3000 19
226 2934 315 3019 (107)
340 2961 413 3002 00111
435 2940 661 3028 dispositiones
683 2963 851 3024 regnorum
876 2943 921 3004 ita
944 2940 1091 3005 omuibus
1114 2942 1312 3028 respondent,

150 3044 415 3128 quemadmodum
438 3054 511 3110 ante
534 3046 632 3110 millia
654 3069 808 3110 annorum
824 3034 1151 3132 praenuntiabantur?
1176 3051 1217 3113 21
1231 3046 1311 3127 (122)

149 3149 246 3214 Ηο110
281 3153 364 3215 enim
399 3151 486 3216 Zeno
515 3151 704 3216 determinat
727 3152 950 3244 factitatorem,
976 3157 1029 3238 qui
1054 3163 1171 3219 cunata
1194 3158 1227 3218 in
1248 3156 1314 3218 dis·

145 3259 308 3341 positione
331 3257 535 3333 formaverim
561 3260 602 3321 22
628 3256 719 3340 (139)
744 3259 984 3342 Dispositiones
1008 3263 1103 3324 etiam
1127 3261 1178 3325 dei
1195 3270 1227 3324 et
1242 3271 1312 3322 tunc

150 3365 311 3450 prophetis
335 3364 597 3429 concionantibus
621 3374 796 3451 excerpunt
818 3373 850 3430 et
866 3388 950 3430 nunc
962 3367 1152 3431 lectionibus
1165 3390 1312 3432 resonan-

148 3471 232 3534 tibus
267 3480 410 3557 carpunt.
442 3473 483 3535 41
508 3469 600 3552 (218)
623 3470 794 3536 Admittite
817 3474 904 3557 prius
928 3473 1157 3556 dispositiones
1180 3477 1258 3552 eius,
1283 3490 1309 3536 er

148 3681 662 3750 Adamantius(0.11.393.11)
683 3681 828 3737 Sedenim
855 3683 907 3736 sub
935 3690 1080 3753 praetextu
1107 3683 1262 3739 dilectionis
1289 3684 1310 3736 iu

149 3775 254 3837 patrem
272 3771 417 3824 aemulatio
434 3769 581 3839 superabat
599 3771 626 3822 iu
646 3770 720 3835 Nun,
740 3770 828 3824 solum
847 3770 881 3824 de
899 3777 976 3841 patre
994 3773 1167 3843 gaudentem.

188 3853 197 3880 ¹
224 3858 277 3926 Ap.
305 3858 318 3909 1
349 3858 386 3924 (6)
406 3880 438 3902 =
457 3857 492 3910 sd
510 3857 576 3911 Nat.
596 3857 618 3911 1.
641 3860 662 3910 1.
683 3859 767 3926 (271).
785 3858 830 3911 Ad
848 3859 913 3913 Nat.
933 3860 956 3913 Ι,
978 3862 1010 3914 15
1028 3862 1102 3927 (316)
1121 3862 1214 3916 nullae
1233 3861 1314 3930 mags

149 3943 219 4011 leges
253 3949 311 3996 tam
338 3960 429 3996 secure
455 3943 507 3996 sub
534 3945 658 3998 omnium
684 3946 849 3998 conscientia
876 3948 957 4000 unius
985 3950 1182 4003 aestimationis
1212 3949 1319 4004 tabellis

149 4029 307 4082 eluduntur.
