2808 4492
135 833 245 896 Bonus
268 833 397 896 criticus
421 831 522 894 bonus
548 833 590 893 sit
612 832 767 915 interpres
791 853 922 895 necesse
947 841 1006 897 est.

605 1071 737 1174 XVII.

134 1294 301 1358 Herodoto
325 1295 448 1378 putanti
472 1300 545 1378 post
560 1293 715 1377 proelium
730 1291 858 1356 demum
873 1294 958 1378 apud
973 1294 1121 1359 Plataeas
1137 1295 1258 1359 factum

89 1437 273 1502 Corinthios
297 1439 410 1501 ceteris
435 1435 568 1500 Graecis
583 1436 700 1499 auxilio
713 1439 840 1499 venisse
852 1436 929 1500 fides
943 1459 1007 1501 non
1020 1445 1069 1501 est
1080 1437 1260 1502 tribuenda.

605 1699 743 1765 XVHI.

134 1944 188 2007 Ab
211 1943 414 2008 historiarum
428 1946 517 2008 libris
534 1948 697 2024 separatos
710 1944 865 2015 Ἀσσυρίους
882 1954 982 2027 λόγους
998 1942 1136 2006 scribere
1153 1943 1260 2006 Hero-

87 2085 200 2148 dotum
223 2088 256 2148 in
279 2089 383 2150 animo
407 2087 557 2152 habuisse
581 2102 670 2152 extra
693 2109 785 2152 omne
809 2085 940 2149 dubium
963 2091 1012 2147 est
1035 2087 1184 2168 positum.

622 2308 722 2371 XIX.

96 2593 103 2600 .
131 2509 206 2574 Non
239 2518 325 2574 recte
359 2510 578 2575 Mommsenus
611 2511 651 2576 R.
677 2510 718 2575 G.
742 2510 787 2572 Π.
814 2533 865 2595 pg.
893 2511 956 2572 104
981 2509 1021 2572 de
1046 2507 1082 2572 O.
1109 2507 1257 2572 Graccho

87 2649 184 2714 dicit:
225 2651 351 2728 „Rache
385 2653 489 2717 wollte
525 2676 559 2717 er
592 2653 727 2718 nehmen
759 2675 800 2715 an
830 2650 887 2714 der
910 2649 1044 2714 clenden
1066 2650 1258 2733 Regiorung‚

86 2792 198 2856 Rache
222 2814 275 2854 um
297 2793 390 2876 jeden
414 2793 515 2873 PreiS,
539 2795 666 2860 mochte
690 2794 772 2859 auch
795 2815 829 2856 er
852 2791 961 2869 selbst,
985 2794 1017 2875 ja
1032 2791 1089 2854 das
1107 2789 1258 2887 Geniein·

90 2955 195 2997 wesen
219 2933 355 2997 dariiber
378 2956 416 2996 zu
440 2933 572 2998 Grande
596 2935 709 3018 gehen.

632 3146 713 3210 XX.

135 3355 268 3418 Sextum
290 3354 487 3438 Pompeium,
504 3356 602 3419 filium
618 3356 717 3420 Cnaei
734 3357 868 3439 Pompei
883 3357 1005 3438 Magni,
1022 3358 1111 3418 iussu
1123 3356 1258 3420 Antonii

91 3519 112 3559 a
134 3493 219 3555 Titio
243 3516 313 3557 esse
337 3496 478 3557 occisum
501 3498 672 3560 verisimile
696 3505 783 3582 puto

625 3708 725 3771 XXI.

134 3918 266 4004 Optimo
301 3921 367 3983 iure
401 3920 565 3986 contendit
588 3920 799 4004 Schellingius
824 3915 1075 4000 (Methodologie
1100 3916 1156 3980 des
1180 3919 1257 3982 aka·

4 4073 13 4166 t
87 4060 273 4128 demischen
297 4059 490 4142 Studiums):
520 4063 594 4140 „das
618 4063 792 4149 Ausgehen
817 4083 879 4126 von
903 4063 1006 4125 einem
1030 4059 1257 4123 universalhis-
