2808 4492
633 229 673 295 97

63 450 130 494 non
153 426 387 510 retorquebitis.
411 427 453 488 48
478 423 568 506 (256)
592 424 702 488 mundi
723 427 857 510 species,
881 447 961 511 quae
974 426 1019 489 illi
1031 427 1241 510 dispositioni
1310 507 1312 513 Ι
1362 419 1364 466 ³

64 537 263 600 aeternitatis
288 534 390 598 aulaei
414 536 485 598 vice
509 555 653 618 oppansa
676 539 735 596 est.
763 535 773 572 ¹
803 532 1003 616 Dispunetio
1021 558 1063 585 =
1076 532 1238 612 iudicium,

64 641 258 728 perfunctio,
283 627 369 706 aetio¹
389 640 562 726 implendi3
587 642 728 725 proprie:
757 638 840 717 „dati
865 648 897 704 et
921 642 1046 725 accepti
1058 640 1184 704 collatio
1197 665 1239 694 =
1296 669 1299 674 ¹
1365 642 1366 646 ’

62 751 119 813 het
157 749 317 834 opmaken
351 747 408 812 der
442 748 563 812 balans.
597 747 640 810 cf.
674 769 702 811 c.
730 748 793 811 48:
820 753 916 828 „tunc
940 748 1124 811 restituetur
1147 770 1239 812 omne
1267 820 1270 824 ,
1364 735 1366 740 ’

63 857 239 919 humanum
267 877 368 939 genus
392 853 433 919 ad
456 852 703 939 expungendum
727 853 813 938 quod
836 856 870 917 in
892 855 955 917 isto
978 875 1059 917 aevo
1081 853 1158 917 boni
1182 877 1239 919 seu

42 963 139 1036 ,mali
174 960 318 1025 meruius
354 962 393 1025 18
423 958 512 1041 (102)
537 959 705 1024 Suseitatis
730 960 877 1024 omnibus
900 959 940 1024 ab
964 961 1054 1024 initio
1076 960 1237 1026 defunctis

62 1079 96 1131 et
132 1066 315 1131 reformatis
348 1075 381 1130 et
401 1068 568 1130 recensitis
590 1065 631 1130 ad
653 1059 817 1150 utriusque
841 1068 946 1130 meriti
968 1067 1238 1150 dispunctionem.

63 1175 105 1238 19
133 1170 227 1253 (107)
250 1172 339 1250 Quid
366 1169 450 1237 enim
474 1175 635 1258 potentius
655 1173 915 1259 patrocinabatur
927 1175 1108 1237 testimonio
1121 1195 1239 1252 earum,

61 1283 125 1344 nisi
150 1264 337 1363 dispunctio
360 1279 521 1344 cotidiana
544 1281 662 1344 saeculi
686 1283 794 1359 totius
821 1303 891 1365 sqq.
916 1279 1089 1344 Institutio
1111 1305 1153 1332 =
1175 1280 1238 1344 dis·

60 1387 194 1472 ciplina,
217 1387 256 1449 17
289 1383 357 1467 (99)
382 1385 475 1462 Quae
500 1384 580 1467 (scil.
606 1385 722 1468 anima)
744 1387 820 1451 lieet
839 1387 1107 1450 institutionibus
1132 1389 1239 1472 pravis

59 1493 315 1578 circumscripta,
351 1515 420 1577 sqq.
457 1493 668 1558 Initiationes
696 1519 738 1546 =
762 1494 912 1578 mysteria
946 1494 963 1556 7
995 1490 1063 1575 (40)
1087 1493 1132 1556 Et
1155 1492 1239 1558 unde
1304 1553 1308 1560 .

59 1601 223 1663 extraneis
256 1601 377 1676 notitia,
411 1619 484 1663 cum
518 1621 643 1685 semper
667 1603 763 1664 etiam
787 1602 857 1686 piae
880 1601 1086 1664 initiationes
1110 1609 1239 1665 arceant

59 1705 218 1792 profanos
250 1715 283 1769 et
305 1705 431 1770 arbitris
455 1713 601 1784 caveant,
625 1708 687 1770 nisi
711 1709 739 1771 si
761 1709 852 1792 impii
873 1704 978 1770 minus
1002 1709 1172 1771 metuunt?
1196 1709 1238 1771 21

60 1812 157 1893 (132)
197 1811 379 1898 Melampus
419 1813 528 1896 Argia,
564 1812 767 1898 Trophonius
803 1813 957 1877 Boeotiae
991 1813 1239 1877 initiationibus

58 1920 210 1983 homines
234 1918 466 2004 obligaverunt.
490 1920 667 1983 Advocatio
689 1945 732 1973 =
755 1920 916 1998 auxilium,
941 1943 960 1983 a
983 1919 1068 1983 bona
1084 1921 1240 1984 latinitate

57 2049 129 2090 non
166 2026 303 2089 alienum
338 2034 396 2104 est,
433 2026 477 2090 of.
513 2027 532 2088 2
569 2021 637 2107 (16)
671 2034 704 2090 et
738 2027 866 2111 proprio
902 2047 955 2090 ore
992 2033 1024 2089 et
1046 2027 1241 2089 mercenaria

23 2121 26 2128 ¹
56 2132 273 2196 aduocatione
305 2140 437 2196 utuntur
463 2132 505 2196 ad
528 2134 729 2197 innocentiae
754 2154 830 2196 suae
854 2130 1171 2196 commendationem.
1196 2130 1241 2211 (et

57 2240 194 2324 proprio
230 2246 262 2302 et
295 2241 492 2303 mercenario
530 2261 584 2303 ore
619 2242 683 2314 λ.)2
720 2238 845 2304 Graece
877 2241 1088 2313 επαράκλησις.
1121 2239 1241 2303 Oehle-

56 2367 117 2409 rus
142 2344 307 2429 complma
328 2345 422 2409 huius
446 2346 684 2430 significationis
709 2346 855 2432 exempla
877 2367 916 2409 ex
928 2345 998 2410 aliis
1012 2366 1138 2430 quoque
1151 2345 1240 2409 libris

54 2451 251 2515 Tertulliani
275 2451 412 2536 collegit.
436 2452 479 2516 cf.
503 2451 659 2517 Iudicem.
682 2453 911 2536 Praesumptio
935 2452 1091 2536 signifieat
1115 2454 1240 2537 praeiu-

54 2557 204 2622 dicatum
238 2559 420 2643 opinionem
455 2566 488 2622 et
521 2558 635 2624 falsam
670 2561 860 2624 senteutiam
891 2558 933 2621 49
970 2556 1059 2639 (259)
1082 2558 1122 2622 In
1147 2559 1239 2622 vobis

55 2667 172 2747 itaque
205 2665 433 2747 praesumptio
469 2672 519 2728 est
551 2665 631 2729 haec
665 2668 736 2751 ipsa
769 2688 851 2750 quae
887 2664 1017 2729 damnat
1051 2665 1149 2728 utilia.
1186 2663 1239 2730 Of.
1291 2711 1292 2716 η

59 2769 197 2833 Oebleri
217 2767 364 2833 Iudicem
387 2792 412 2834 s.
437 2793 468 2834 v.
498 2772 632 2836 (ioetner
654 2773 742 2837 latin.
769 2771 809 2836 de
834 2770 881 2836 St.
902 2771 1030 2835 Jerome
1055 2795 1086 2857 p.
1112 2773 1185 2835 277.

107 2873 290 2938 Intentatio
315 2871 505 2957 (eriminum)
530 2876 648 2942 dieitur
669 2901 728 2965 pro
757 2877 930 2956 „abiectio”
951 2887 1062 2942 contra
1078 2901 1150 2942 eum
1166 2901 1236 2943 voc.

52 3003 203 3060 sensum,
228 2983 283 3066 qui
306 2981 391 3067 apud
415 2981 570 3049 Senecam
593 2993 704 3058 exstat,
731 2987 786 3070 qui
810 2985 897 3048 solus
921 3007 958 3049 eo
982 3007 1054 3049 voe.
1078 3006 1156 3048 usus
1179 2994 1238 3064 est,

53 3089 106 3152 27
137 3084 228 3168 (166)
253 3085 338 3151 Satis
361 3089 440 3154 haee
464 3090 618 3156 adversus
641 3093 896 3156 intentationem
918 3093 1023 3155 laesae
1047 3090 1236 3155 divinitatis.

51 3195 329 3276 (intentationem
348 3195 498 3261 ADuFf.
522 3197 678 3283 Bongars.
697 3199 819 3262 Elnon.
843 3197 991 3262 Gandav.
1016 3196 1160 3264 Vindob.
1185 3200 1240 3262 in·

50 3300 243 3368 tentionem
266 3300 456 3366 BGtabcde.
474 3302 640 3385 Havere.).
657 3306 699 3368 46
718 3302 810 3385 (232)
828 3304 1049 3383 Constitimru,
1065 3315 1102 3367 ut
1116 3306 1239 3389 opinor.

102 3527 112 3554 ¹
140 3527 176 3582 cf.
205 3527 240 3582 ad
268 3527 334 3582 Nat.
362 3528 378 3580 I
408 3529 440 3584 10
459 3528 543 3599 (268).
562 3531 606 3584 De
624 3531 810 3601 reliquavero
829 3531 1040 3584 conversationis
1059 3530 1143 3601 (quod
1163 3548 1240 3586 voca-

45 3619 163 3676 bulum
193 3617 220 3671 h.
249 3617 268 3673 l.
298 3618 432 3671 rationem
462 3619 569 3673 vivendi
589 3621 741 3690 agendique
760 3620 894 3691 designat)
911 3619 1049 3673 humanae
1066 3621 1241 3689 dispositione

43 3709 157 3786 palam
176 3707 300 3760 subiacet
317 3713 422 3777 quanta
437 3724 453 3761 a
467 3708 616 3762 maioribus
634 3710 814 3764 mutaveritis.

102 3794 113 3822 ³
139 3796 176 3852 cf.
208 3795 317 3849 Goelzer
334 3795 381 3850 lat.
401 3795 435 3848 de
454 3795 494 3850 St.
513 3797 569 3850 Jer.
589 3815 616 3868 p.
636 3799 700 3852 243:
719 3797 873 3852 Advocatio
890 3803 931 3851 est
948 3796 1012 3851 bien
1031 3799 1155 3867 employe
1173 3798 1242 3852 daus

41 3891 83 3948 la
117 3884 230 3956 periode
255 3884 396 3954 classique,
415 3884 484 3937 mais
502 3886 652 3940 seulement
670 3904 776 3941 comme
794 3893 880 3940 terme
898 3886 1042 3956 technique
1060 3879 1102 3939 de¹
1111 3886 1242 3955 jurispru-

41 3979 162 4038 dence;
193 3971 260 4028 c’est
286 3972 374 4037 laide,
402 3973 568 4028 l’assistanee
586 3975 668 4045 qu'ou
687 3977 763 4046 prete
781 3975 798 4029 i
816 3976 963 4046 quelqu’un
983 3976 1084 4028 devant
1101 3972 1139 4026 les
1158 3972 1243 4025 tribu-

41 4082 149 4128 narrx.

1088 4156 1106 4219 7
