2788 4500
652 199 692 262 61

9 411 19 447 t
86 394 254 459 detrahere
288 394 383 459 9113111
416 393 510 458 laude
534 401 700 479 parentum
722 391 763 456 ad
787 413 948 477 praesens,
973 417 1012 458 ne
1035 395 1128 460 nobis
1150 396 1255 462 locum

10 519 16 542 ⁵
85 501 169 566 detis
202 504 239 567 119
267 501 327 566 his.
350 500 378 565 Ι.
406 501 446 565 18
471 497 561 581 (327)
585 497 620 562 Si
643 505 828 584 contemptu
851 500 975 564 scilicet
996 503 1107 566 mortis
1130 502 1255 592 gladius

9 627 22 660 1
84 611 124 673 da
153 605 806 704 13319110391313113919911,3119391199
829 608 914 670 vitae
937 629 1043 673 amore
1066 608 1173 693 gladio
1196 632 1256 676 vos

9 710 11 771 3
84 715 126 780 ad
160 715 291 779 lanistas
327 714 510 790 auctoratis,
534 711 593 776 sed
615 713 726 775 mortis
749 733 866 776 nomen
887 713 1017 779 militiae
1041 714 1135 780 datis.
1158 715 1187 780 Ι.
1214 719 1254 780 19

10 841 24 876 ’κ’
85 820 177 904 (329)
201 821 271 886 Nec
294 819 426 904 mythici
448 841 486 883 ac
509 819 627 904 po'e'tici
640 817 703 882 soli
718 818 793 882 talia
808 827 936 897 canunt,
952 819 1010 885 sed
1026 829 1060 886 et
1074 822 1256 908 philosophi

11 947 14 985 τ
83 931 122 993 dc
151 930 324 992 animarum
346 927 597 1011 reciprocatione
622 932 655 988 et
677 924 786 989 iudicii
810 924 1033 992 distributione
1057 929 1253 996 confirmant.

9 1031 26 1093 :ss
82 1035 129 1098 Π.
158 1037 196 1098 ll
222 1032 312 1117 (370)
336 1033 520 1098 inanimales
545 1040 577 1096 et
600 1033 728 1096 nomina
751 1031 905 1095 derebus
928 1017 1103 1117 efflagitant
1117 1035 1207 1100 caelo
1223 1043 1254 1098 91

17 1142 22 1200 ῤ
84 1144 242 1206 sanciunt.
272 1140 319 1205 H.
346 1141 385 1205 12
411 1136 501 1220 (378)
525 1136 590 1202 Sed
614 1147 647 1202 et
669 1140 838 1223 pepererit,
863 1146 948 1203 certe
972 1148 1061 1205 extra
1084 1140 1255 1210 Saturnum

7 4047 17 4128 l

83 1251 243 1312 neminem
276 1254 525 1334 procreaverunt
557 1246 619 1308 nisi
653 1267 749 1308 unam
783 1252 895 1330 postea
929 1245 1048 1331 Opem;
1080 1247 1195 1314 exinde
1217 1250 1255 1312 dc

8 1365 18 1416 ,Δ
82 1355 194 1420 subole
218 1362 377 1420 cessatum
400 1361 458 1417 est
474 1351 521 1417 Π.
548 1353 588 1414 12
613 1347 704 1432 (383)
728 1349 846 1415 Adhuc
865 1353 902 1415 919
914 1350 1052 1417 Saturno
1064 1354 1255 1419 immorabor

81 1483 147 1546 quo
182 1470 215 1526 et
240 1462 354 1526 ceteris
378 1457 602 1545 compendium
625 1465 831 1543 praestruam.
854 1456 901 1523 Π.
929 1460 968 1523 15
994 1457 1083 1541 (395)
1108 1460 1254 1546 Longum

81 1567 168 1635 foret
189 1588 355 1632 recensere
378 1567 474 1630 etiam
495 1566 533 1629 119
556 1564 617 1628 11119
641 1585 721 1649 quos
744 1566 778 1628 in
800 1563 906 1630 sidera
928 1566 1086 1652 sepelistis
1108 1566 1253 1632 9131113-

8 1733 12 1736 ..
81 1676 164 1738 citer
198 1673 267 1738 deis
300 1674 496 1736 ministratis.
532 1669 587 1736 Sic
621 1672 735 1756 opinor
764 1669 852 1755 digni
875 1672 912 1735 de
935 1672 1024 1737 93919
1048 1671 1199 1738 Castores
1222 1682 1254 1740 et

80 1781 219 1845 Perseus
243 1788 276 1844 et
297 1778 450 1864 Erigone,
476 1777 743 1862 quemadmodum
766 1787 798 1842 et
819 1777 910 1843 Iovis
934 1779 1088 1844 exoletus

606 2253 729 2320 ΙΝ.1
857 2239 861 2252 ’

122 2453 216 2518 Siout
236 2455 283 2532 de,
308 2455 403 2517 etiam
424 2452 463 2515 13
486 2452 679 2537 praepositio
702 2453 816 2516 multas
829 2451 922 2518 offert
934 2457 1154 2541 proprietates,
1168 2477 1249 2539 quae

74 2561 378 2626 commemoratione
421 2557 535 2642 dignae
574 2566 606 2622 et
641 2581 660 2621 a
693 2557 777 2622 bona
810 2559 965 2636 latinitate
1000 2560 1071 2646 plus
1105 2562 1251 2625 minusve

74 2668 202 2732 alienae
225 2674 308 2730 sunt.
332 2665 476 2729 Primum
499 2685 628 2748 agemus
651 2663 692 2728 de
720 2663 789 2741 „in”
805 2666 1047 2748 praepositione
1059 2668 1252 2732 939311993-

74 2773 195 2851 93133,
230 2793 322 2856 quac,
356 2793 547 2856 quamquam
581 2772 613 2834 in
648 2770 733 2834 bona
755 2771 909 2836 latinitate
933 2775 1060 2859 proprie
1084 2776 1253 2839 coniuncta

75 2902 153 2945 esse
187 2878 283 2944 debet
316 2900 389 2943 cum
418 2876 535 2955 verbis,
559 2899 642 2963 quae
665 2876 814 2942 movendi
839 2879 1101 2963 significationem
1123 2880 1251 2959 habent,

73 2990 118 3052 13
141 2985 343 3070 11ροί9991199
367 2989 478 3048 tomen
500 3004 569 3047 393
591 3003 668 3047 raro
690 2983 740 3047 itu
759 2985 867 3067 positu
889 2986 1062 3069 39393193,
1075 2987 1251 3050 31999909

68 3095 218 3180 pendeat
239 3091 411 3156 cuiuslibet
433 3091 521 3155 91139
543 3089 798 3173 3931393333
821 3096 851 3181 cl
872 3093 1024 3156 93999331
1045 3093 1134 3156 notio
1146 3098 1252 3157 939319

71 3201 124 3264 sit
146 3200 303 3264 3119193919.
330 3198 347 3261 7
373 3194 441 3279 (38)
465 3196 612 3261 Dicimur
635 3197 869 3260 sceleratissimi
882 3197 922 3262 de
936 3207 1133 3263 sacramento
1146 3198 1252 3262 infan-

72 3305 182 3372 ticidii
206 3313 238 3370 et
259 3304 376 3390 pabulo
399 3302 483 3381 inde,
508 3311 636 3388 etpost
658 3303 841 3366 convivium
854 3303 1073 3388 incestoquod
1087 3325 1250 3368 eversores

71 3413 235 3478 luminum
257 3431 364 3488 931199,
388 3409 517 3474 lenones
541 3408 664 3472 scilicet
678 3408 889 3486 tenebrarum,
905 3409 1074 3473 libidinum
1084 3411 1252 3495 impiarum

73 3523 116 3584 13
140 3517 371 3582 3399333193
394 3521 573 3601 procurent.
598 3511 655 3594 (91.
679 3537 709 3578 v.
734 3514 765 3578 d.
778 3514 884 3581 Vliet:
909 3513 1000 3580 stud.
1025 3516 1114 3581 Eccl.
1139 3539 1170 3601 p.
1184 3515 1251 3598 34).

75 3622 185 3708 7(43)
208 3623 304 3688 Η3119
329 3619 385 3704 (99.
410 3618 539 3702 famam)
563 3619 701 3684 indicem
725 3619 878 3685 adversus
902 3643 960 3685 nos
983 3623 1146 3707 profertis
1171 3645 1252 3708 quae

73 3731 168 3820 quod
192 3729 362 3815 aliquando
385 3730 516 3795 iactavit
539 3735 690 3811 tantoque
713 3728 864 3812 temporis
888 3729 990 3812 spatio
1013 3729 1052 3792 13
1071 3731 1252 3815 opinionem

117 3945 126 3970 ¹
152 3943 189 3996 cf.
216 3941 328 3996 Kribner
355 3939 385 3992 II
414 3938 430 4006 5
460 3939 520 3992 107.
539 3936 629 3990 Hand.
648 3935 761 3989 Tursell.
781 3935 836 3990 III.
855 3954 882 4006 p.
901 3937 953 3990 243
972 3955 1029 4009 sqq.
1048 3940 1207 4008 13999991.
1225 3957 1252 4010 p.

73 4035 130 4090 603
153 4048 212 4101 sqq.
231 4059 266 4068 -
1091 4053 1095 4060 ·
