2808 4492
22 267 47 316 5

9 4065 15 4124 l

638 227 699 289 115

76 425 96 486 9
120 423 188 497 (56)
214 420 318 485 Nobis
343 444 420 486 vero
443 423 541 485 semel
562 419 735 485 homicidio
758 419 935 484 interdicto
961 421 1055 484 etiam
1074 427 1265 505 conceptum

76 538 168 594 utero
194 563 237 570 -
263 562 304 571 -
328 527 504 592 dissolvere
539 551 603 591 non
638 528 722 591 licet.
759 527 799 589 10
832 523 901 606 (58)
929 528 1073 610 sequitur
1094 534 1131 590 61
1152 526 1263 590 eadem

74 639 201 700 ratione
238 657 295 719 pro
329 635 399 698 aliis
434 656 498 697 non
536 633 758 710 sacrificemus,
791 635 866 717 quia
889 654 949 696 nec
973 654 1033 717 pro
1058 631 1262 716 nobisipsis,

73 744 176 806 semel
198 739 276 804 deos
300 763 364 804 non
389 739 534 804 colendo.
562 742 598 802 11
628 737 694 820 (63)
721 739 827 804 Semel
841 741 951 823 utique
969 740 1001 801 in
1018 740 1082 802 ista
1098 739 1263 803 construo&

73 852 164 913 tione
189 846 381 932 dispositum
405 855 438 910 61
461 848 650 911 instructum
674 854 707 910 61
729 845 910 935 ordinatum
933 867 1006 910 cum
1026 847 1112 908 omni
1129 847 1260 908 rationis

72 953 295 1039 gubernaculo
318 955 484 1016 inventum
508 961 565 1016 est.
593 954 631 1015 11
645 949 716 1033 (68)
729 952 929 1037 Properavit,
947 954 1070 1037 opinor,
1089 959 1121 1015 et
1136 951 1258 1015 caelum

71 1061 177 1125 661661
200 1059 305 1137 clusit,
329 1067 362 1122 61
382 1081 468 1122 nunc
492 1061 602 1143 utique
625 1057 808 1124 melioribus
833 1057 917 1143 apud
942 1057 1062 1122 inferos
1078 1059 1259 1120 musitanti-

72 1169 135 1232 bus
162 1165 332 1230 erubescit.
358 1167 400 1229 23
424 1164 513 1247 (141)
538 1165 638 1229 Ρ6116
663 1167 690 1228 si
714 1173 746 1229 61
768 1167 852 1249 magi
877 1199 918 1208 -
937 1166 1118 1227 -somnia
1141 1165 1258 1227 immit-

70 1282 150 1336 tunt
173 1271 328 1336 habentes
351 1273 449 1335 semel
471 1274 679 1337 invitatorum
701 1273 885 1357 angelorum
901 1280 934 1336 et
948 1272 1138 1336 daemonum
1154 1270 1258 1334 adsis·
1365 1325 1367 1330 .

70 1386 200 1443 tentem
236 1377 297 1441 sibi
331 1386 532 1463 potestatem.
568 1379 610 1441 41
648 1375 737 1459 (218)
772 1379 838 1456 Qui
871 1380 955 1442 enim
975 1379 1073 1441 semol
1095 1386 1258 1442 aeternum

69 1484 233 1549 iudicium
268 1483 443 1548 destinavit
465 1493 539 1570 post
562 1486 681 1549 saeculi
704 1485 809 1563 finem,
834 1486 1111 1576 nonpraccipitat
1134 1484 1256 1548 1116616-
1285 1561 1288 1565 ,

68 1594 208 1655 tionem.

119 1694 448 1762 SOLUMMODO
465 1721 523 1784 pro
540 1700 765 1762 tandummodo
782 1697 836 1762 ¹in
849 1699 912 1784 Ap.
927 1699 1055 1763 obviam
1068 1706 1117 1761 est
1131 1699 1171 1760 12
1187 1694 1253 1778 (68)

66 1807 208 1869 nomina
252 1806 453 1869 solummodo
495 1805 590 1869 video
637 1804 836 1889 quorundam
870 1813 1015 1870 veterum
1049 1812 1253 1869 mortuorum.

67 1915 114 1977 21
143 1908 238 1992 (125)
262 1911 368 1988 Quem
392 1913 488 1996 igitur
509 1914 711 1976 solummodo
735 1912 896 1976 hominem
919 1919 1198 1998 praesumpserant
1213 1911 1253 1976 dc

65 2017 267 2095 humilitate,
303 2017 497 2102 sequebatur
531 2020 578 2081 uti
612 2040 739 2102 magum
774 2021 978 2082 aestimarent
1012 2018 1052 2082 de
1085 2025 1253 2102 potestate.

70 2121 702 2206 (266161911011016011661666166άο
715 2124 747 2186 D
760 2125 811 2188 ab
824 2148 842 2188 6
854 2123 916 2202 116;
930 2145 1025 2208 quem
1035 2125 1139 2208 101116
1148 2125 1253 2187 116011-

65 2253 149 2295 uem
189 2225 233 2294 G.
270 2231 311 2294 39
346 2227 436 2311 (204)
471 2229 511 2293 In
546 2233 607 2294 isto
631 2230 701 2295 loco
739 2233 934 2295 consortium
957 2232 1110 2296 solvimus
1134 2233 1167 2294 in
1190 2254 1253 2315 quo
1289 2270 1301 2280 ·

62 2338 139 2402 solo
181 2339 280 2400 ceteri
313 2337 458 2401 homines
493 2339 687 2402 consortium
722 2345 881 2416 exercent,
916 2340 970 2423 qui
993 2359 1058 2401 non
1081 2339 1253 2402 amicorum

39 2444 280 2522 ,solummodo
299 2445 499 2507 matrimonia
521 2451 677 2528 usurpant
699 2465 769 2528 sqq.
795 2444 837 2506 40
863 2440 953 2524 (212)
977 2442 1045 2508 Ubi
1068 2466 1145 2507 1616
1167 2452 1253 2522 tunc,

61 2574 134 2614 non
163 2547 273 2612 dicam
296 2548 427 2613 deorum
451 2556 630 2612 vestrorum
652 2557 888 2635 contemptores
913 2548 1096 2628 Christiani,
1122 2549 1179 2614 sed
1192 2553 1254 2636 ipsi

59 2657 118 2720 dei
149 2657 265 2731 vestrl,
289 2677 361 2719 cum
384 2663 487 2719 totum
511 2655 620 2719 orbem
644 2656 857 2740 cataclysmus
875 2656 1026 2733 abolevit,
1042 2658 1094 2721 vel
1110 2665 1145 2720 61
1162 2658 1256 2722 Plato

57 2764 213 2849 putavit,
239 2769 416 2846 campestre
440 2761 666 2826 solummodo?
687 2762 850 2837 (Fortasse
873 2763 935 2827 hoo
959 2764 1029 2828 loco
1054 2762 1257 2829 scribendum

56 2881 134 2934 est:
179 2872 363 2950 campestre
391 2865 626 2949 solummodo)
652 2869 693 2932 47
719 2869 807 2944 (244)
830 2868 1004 2934 Inventum
1028 2872 1112 2934 enim
1134 2873 1258 2935 solum-

56 2978 169 3041 modo
194 2973 292 3037 deum
314 2995 378 3036 non
401 2981 437 3036 ut
460 2975 649 3039 invenerant
664 2974 918 3060 disputaverunt,
943 2985 978 3040 ut
1001 2976 1088 3042 etde
1105 2978 1258 3061 qualitate

53 3101 89 3147 et
117 3082 172 3146 de
196 3087 312 3143 661616
335 3082 403 3143 6166
428 3080 523 3145 etde
547 3080 624 3145 sede
648 3081 823 3168 diceptent.

560 3320 774 3330 ——-—

47 3527 173 3582 Burm.
204 3521 243 3576 ad
272 3521 389 3587 Quintil.
417 3521 542 3576 Declam.
570 3523 623 3577 VI.
643 3525 676 3587 2;
695 3524 779 3577 Book.
799 3524 834 3577 ad
853 3524 933 3579 Ovid.
952 3525 1065 3578 Metam.
1085 3526 1171 3584 XIII.
1193 3528 1258 3590 101;

47 3615 192 3670 Himehr.
225 3609 263 3663 611
281 3609 364 3678 Apul.
384 3610 497 3664 Metam.
516 3611 568 3675 VI,
590 3613 632 3665 17.
651 3630 678 3682 p.
696 3613 763 3677 452;
783 3612 819 3665 ad
841 3613 899 3678 ,De
918 3614 1023 3683 magian
1045 3631 1067 3668 6.
1088 3615 1131 3670 89.
1152 3634 1179 3686 p.
1198 3617 1258 3681 613,

44 3713 73 3758 61
97 3704 147 3758 ad
170 3697 472 3755 Α1661).Α111.Ν611.
494 3700 561 3753 146.

88 3794 97 3819 ¹
123 3791 217 3847 Male
236 3787 379 3841 contendit
399 3788 464 3841 81111
481 3788 525 3842 die
544 3788 599 3842 lok.
618 3789 730 3843 Versch.
751 3807 795 3859 pg.
816 3791 849 3843 99
861 3790 1037 3844 vocabulum:
1051 3793 1254 3857 „solummodo”

43 3902 101 3952 pro
139 3877 384 3950 „tantummodo”
413 3877 536 3946 primum
555 3878 583 3930 in
602 3877 697 3931 Africa
715 3895 772 3931 esse
791 3884 964 3947 usurpatum.
983 3880 1027 3934 Of.
1046 3881 1133 3935 Kall:
1156 3881 1257 3946 ,Roms
1289 3937 1295 3947 ‚

40 3973 193 4026 ,Iuristffl
227 3984 255 4036 p.
284 3965 328 4032 47,
357 3965 399 4032 89,
430 3965 504 4043 IOI.”
535 3966 582 4034 qui
609 3964 697 4018 multa
725 3965 806 4019 huius
837 3967 962 4020 vocabuli
982 3969 1110 4037 exempla
1128 3987 1161 4022 cx
1181 3970 1257 4023 Juris

41 4066 73 4116 C.
97 4056 244 4127 collegit.
