2808 4492
723 186 764 248 94

201 378 240 441 In
274 378 334 442 hac
369 381 474 464 operis
510 377 598 464 parte
631 388 739 444 nostro
763 383 926 465 proposito
950 404 1013 445 non
1039 380 1167 444 videtur
1190 381 1341 444 alienum

158 507 340 549 enumerare
373 507 411 550 ea
441 485 598 550 vocabula
632 489 718 550 ιιι-ιο
750 486 935 559 desinentia,
958 509 1039 570 quae
1067 485 1344 570 significationem

158 590 317 676 quandam
351 613 382 654 a·
404 590 488 654 bona
521 592 676 656 latinitate
703 593 837 656 alienam
865 592 992 671 habent,
1017 615 1150 676 quorum
1178 590 1346 654 nonnulla

159 699 254 760 etiam
286 695 318 759 id
347 699 452 782 ipsum
482 696 669 780 significant,
694 696 779 780 quod
803 699 873 783 ipso
894 697 1094 762 substantivo
1117 697 1261 761 efficitur
1285 697 1346 760 vel

159 801 309 866 effectmn
343 813 400 866 est.
439 800 493 866 Sic
525 805 651 887 saepius
682 805 825 887 operatio
848 803 932 868 idem
955 812 1014 881 est,
1039 803 1125 889 quod
1148 825 1230 888 opus
1258 825 1345 888 ope-

160 910 282 972 ratione
317 907 469 972 effectum
501 910 543 971 23
577 905 666 989 (149)
691 918 825 973 renuant
848 910 889 974 ob
912 911 1064 974 malitiam
1087 909 1346 995 praedamnatos

160 1037 195 1078 se
219 1018 251 1079 in
275 1014 411 1080 eundem
435 1014 543 1079 iudicii
568 1014 653 1078 diem
675 1038 748 1079 cum
771 1009 916 1079 omnibus
940 1015 1114 1080 cultoribus
1127 1024 1159 1079 et
1170 1018 1347 1098 operatio·

8 1121 259 1209 „fferam
295 1124 363 1185 suis
401 1118 442 1201 (et
476 1122 720 1204 operationibus
754 1121 913 1186 ABDEG
947 1144 994 1186 ac.
1032 1120 1172 1187 Vindob.
1208 1121 1348 1184 Erfurt.

162 1228 292 1320 Omittit
320 1227 357 1291 F.
384 1233 413 1291 et
436 1229 659 1310 operatoribus
682 1227 769 1291 bdel.
793 1227 934 1292 Haverc.
959 1228 1091 1292 Pamelii
1115 1227 1237 1310 aliquot
1268 1227 1348 1291 libri

147 1520 308 1609 -aeaaaa
327 1542 631 1610 [maneam-:ana
650 1543 711 1597 adv.
732 1543 815 1596 nare.
836 1543 887 1597 ιιι.
907 1543 941 1596 29
960 1542 1005 1608 (o.
1025 1544 1064 1597 ιι.
1084 1562 1110 1613 p.
1132 1542 1346 1610 asenniam

148 1631 212 1684 ‚erit
240 1632 295 1684 iam
321 1630 489 1700 depretiator
515 1648 628 1701 opemm
655 1637 683 1685 et
705 1631 937 1699 indutamtiarum
954 1633 1091 1697 creatoris,
1109 1637 1141 1684 ιιι
1158 1630 1236 1700 quod
1258 1649 1351 1702 supra
1394 1619 1395 1652 ³

162 1717 258 1772 distuli
285 1718 474 1787 expunxerim.
500 1719 669 1783 Purutentia,
698 1736 756 1773 voc.
774 1726 882 1789 praeter
899 1720 1011 1774 Tertull.
1035 1727 1144 1774 tantum
1161 1719 1351 1790 Hieronymo
1394 1717 1395 1722 ’

164 1807 305 1870 usitatum,
334 1823 350 1859 a
378 1807 404 1860 vi
431 1813 564 1872 concreta,
583 1825 638 1877 qua
656 1807 792 1878 significat
809 1809 915 1877 capiam
931 1809 1020 1877 puris,
1040 1809 1068 1861 in
1087 1808 1260 1862 translatum
1277 1809 1354 1863 abiit

165 1894 264 1964 plurali
294 1911 408 1949 numero
435 1895 469 1949 de
487 1895 575 1950 Pallio
594 1897 629 1950 V.
649 1897 690 1960 (O.
711 1915 737 1966 p.
757 1881 854 1962 9546).
873 1897 934 1950 Has
948 1897 1121 1966 pmutadras
1138 1897 1265 1950 civitatis
1286 1900 1354 1968 quis

163 1983 253 2038 eliciet
270 1985 339 2054 sqq?
367 1983 524 2039 Accidentaa
540 1986 574 2040 de
595 2003 624 2040 re
645 1986 745 2040 dicitur
763 2003 833 2056 quae
851 1987 929 2040 alteri
947 1986 1047 2040 accidit
1064 1992 1092 2040 et
1109 1985 1220 2039 advenit
1240 1988 1354 2040 extrin-

164 2090 242 2127 secus
269 2073 303 2127 de
330 2074 432 2127 Anima
461 2075 491 2128 11
521 2074 565 2143 (Ο.
594 2075 632 2128 II.
658 2093 685 2145 p.
713 2074 821 2143 573.18)
848 2075 1027 2129 accidentiam
1045 2075 1156 2144 spiritus
1174 2091 1281 2144 passus
1302 2083 1355 2130 est..

167 2161 239 2215 ibid.
266 2162 298 2216 21
328 2162 373 2230 (Ο.
401 2162 441 2217 ΙΙ.
469 2181 496 2233 p.
522 2164 630 2232 59022)
660 2169 700 2232 ut,
719 2163 742 2216 si
760 2163 868 2216 trinitas
886 2163 993 2216 animae
1011 2161 1190 2216 adscribenda
1207 2171 1297 2228 esset,
1320 2183 1354 2219 ex

169 2252 322 2305 mutatione
340 2252 510 2316 accidentiae,
520 2269 575 2306 non
585 2270 619 2306 ex
628 2253 799 2306 institutione
807 2258 922 2305 naturae
930 2251 1115 2321 deputaretur.
1135 2250 1310 2318 stefanitas
1322 2277 1354 2300 =

119 2388 124 2402 ‚
170 2345 273 2394 veteres
301 2347 424 2394 auctores
451 2341 560 2411 profani
585 2341 620 2394 de
650 2341 738 2395 Pallio
765 2341 781 2394 2
809 2341 852 2409 (Ο.
881 2340 904 2393 I.
932 2358 977 2410 pg.
1006 2340 1069 2409 923)
1097 2341 1119 2393 si
1138 2347 1234 2393 tamen
1256 2343 1355 2396 Ninus

168 2444 280 2498 regnare
297 2430 409 2498 primus.
428 2435 459 2482 ιιι
477 2435 604 2483 autumat
621 2431 793 2498 superiorum
807 2429 973 2498 profanitas.
991 2429 1138 2482 Posteritas
1155 2429 1304 2484 haerae‘ca
1324 2455 1355 2478 =

82 2589 86 2596 ,
169 2518 328 2588 posteriores
358 2517 486 2573 haeretici
514 2517 574 2572 adv.
602 2518 687 2572 Marc.
715 2520 751 2573 V.
773 2519 805 2572 19
824 2518 869 2587 (Ο.
888 2519 927 2572 ΙΙ.
947 2536 973 2588 p.
993 2518 1100 2586 33615)
1117 2517 1239 2588 priorem
1262 2521 1355 2574 vindi·

173 2624 238 2661 cans
280 2607 404 2676 regulam
430 2613 553 2660 nostram
583 2607 657 2660 omni
687 2607 820 2661 haeretica
842 2607 1004 2676 posteritate.
1040 2606 1177 2661 Oamsitas
1205 2628 1243 2653 =
1275 2609 1355 2663 locus

172 2712 285 2750 carosus
304 2695 337 2748 de
356 2694 452 2749 Pudic.
472 2696 506 2750 20
524 2696 569 2764 (O.
589 2695 612 2750 l.
631 2695 691 2749 840.
710 2695 756 2763 23)
775 2695 805 2750 si
823 2712 894 2765 quae
902 2695 1026 2749 maculae
1035 2700 1062 2748 et
1071 2694 1230 2748 missitatas
1241 2697 1355 2751 adnun-

169 2785 253 2839 tiatae
279 2785 312 2837 in
335 2784 486 2853 parietibus
513 2784 647 2838 sacerdoti
664 2785 787 2838 tuissent.
804 2784 968 2838 Fecunditas
987 2806 1019 2829 =
1037 2778 1269 2853 fecunda'proles
1290 2787 1354 2841 adv.

172 2873 283 2927 Valent.
313 2873 327 2925 7
356 2875 391 2936 (0.
419 2859 465 2926 11?
488 2872 577 2940 3915)
597 2872 692 2926 Habes
711 2903 744 2911 -
763 2873 853 2926 nescio
871 2863 1017 2926 criminum
1033 2889 1068 2926 an
1087 2872 1237 2926 numinum
1258 2876 1355 2938 turba,
1394 2877 1395 2914 Ὗ

173 2967 245 3015 certe
275 2961 380 3014 fontem
406 2960 526 3030 reliquae
552 2960 734 3027 fecunditatis.
762 2961 901 3015 Audacter
927 2967 954 3014 et
982 2961 1128 3014 insolenter
1156 2961 1288 3030 positum
1316 2973 1355 3018 est

59 3115 64 3124 ι
174 3051 289 3120 „pudor”
319 3067 368 3119 pro
396 3049 530 3119 pudendis
556 3049 590 3102 de
617 3048 694 3118 Virg.
723 3048 784 3102 Vel.
814 3049 844 3102 11
873 3050 926 3102 nisi
944 3054 1034 3102 totum
1048 3043 1179 3116 pudor'em
1197 3049 1228 3101 in
1250 3051 1356 3106 taciem

174 3141 298 3195 omnium
324 3140 448 3193 intentet.
478 3139 539 3192 'Usu
562 3139 668 3208 poetico
686 3138 828 3208 Propertio
846 3144 874 3192 et
892 3137 991 3193 Ovidio
1009 3136 1125 3207 probato
1142 3136 1228 3189 timor
1248 3139 1357 3195 dicitur

171 3244 220 3300 pro
247 3246 279 3282 eo
306 3229 354 3298 qui
381 3229 507 3281 timorem
535 3228 647 3280 incutit:
676 3227 769 3297 Scorp.
798 3229 814 3280 6
841 3227 975 3297 principes
993 3243 1048 3279 non
1067 3230 1131 3278 sunt
1149 3225 1267 3280 timores
1289 3228 1356 3282 boni

173 3319 269 3389 operis,
297 3317 344 3371 sed
372 3317 446 3370 mali.
474 3316 659 3369 Sacerdotium
686 3333 771 3385 quum
799 3303 874 3386 apud
900 3316 1018 3384 optimos
1045 3313 1179 3384 significet
1196 3317 1356 3372 sacerdota

172 3407 334 3476 dignitatem
362 3412 390 3459 et
416 3404 545 3469 officium,
559 3411 666 3468 ‚nostro
693 3412 735 3459 est
761 3406 928 3459 sacerdotum
958 3403 1104 3471 mitratum,
1124 3402 1171 3471 qui
1191 3404 1270 3456 vocis
1293 3423 1355 3460 con-

174 3504 263 3550 cretus
282 3514 346 3549 usus
365 3495 439 3565 apud
458 3495 638 3548 Ammianum
655 3495 767 3548 demum
785 3495 936 3558 invenitur;
955 3492 989 3546 de
1007 3491 1095 3545 Pallio
1116 3490 1128 3543 1
1150 3490 1194 3554 (O.
1214 3491 1240 3545 I.
1252 3495 1321 3548 916.
1332 3497 1356 3554 4)

175 3585 265 3638 Instar
292 3586 349 3638 eius
377 3585 458 3639 hodie
476 3585 639 3654 Aesculapio
658 3585 713 3637 iam
732 3589 820 3637 vestro
837 3581 1017 3635 sacerdotium
1034 3587 1083 3634 est.
1102 3580 1303 3635 Patrocinium
1326 3606 1356 3628 =

175 3679 304 3741 patronus
331 3673 365 3726 de
392 3674 453 3727 Pat.
475 3675 507 3732 16
527 3674 587 3736 (0.
607 3673 629 3726 Ι.
649 3672 712 3740 615)
731 3672 870 3742 patientia,
889 3688 959 3733 onae
978 3670 1078 3724 ventris
1097 3669 1235 3738 operarios
1254 3679 1356 3726 eontu-

178 3760 294 3814 meliosis
317 3763 483 3828 patrociniis
510 3761 675 3815 subiectione
703 3761 836 3814 libertatis
863 3760 943 3830 gulae
970 3759 1081 3814 addicit.
1100 3758 1276 3827 Scriptorum
1299 3764 1356 3814 Αιι-

98 3903 101 3907 ,
177 3852 287 3914 gusteae
313 3849 409 3900 aetatis
435 3850 596 3901 auctoritate
623 3849 720 3902 nititur
738 3867 803 3902 usus
821 3865 879 3902 voc.
898 3848 1021 3916 carrinpii
1038 3864 1088 3917 pro
1106 3847 1206 3900 conium
1224 3847 1260 3901 de
1284 3850 1356 3902 Pnd.

179 3936 210 3986 16
230 3934 274 4000 (Ο.
293 3935 316 3986 Ι.
336 3935 426 3992 snat)
449 3937 527 4004 nupti
546 3953 609 3988 vero
626 3936 660 3988 de
671 3937 775 3989 mundo
784 3938 932 4006 recogitent
941 3935 1078 4006 quomodo
1087 3936 1212 4005 placeant
1223 3939 1356 4008 coninpia

178 4022 299 4090 (roninyi
316 4021 459 4084 Latinius).
567 4079 571 4087 ¹
1394 4019 1395 4024 ¹
