2808 4492
692 214 754 276 110

129 413 213 474 enim
249 417 281 473 et
312 412 494 475 innocentia
528 409 647 473 saeculi
671 411 853 493 iniquitates
877 414 1068 496 temperavit
1091 420 1123 476 et
1146 397 1306 498 depreca-

128 524 214 581 tores
249 517 300 581 dei
337 538 407 580 esse
441 525 624 602 coeperunt.
661 515 811 599 Denique
842 535 914 581 cum
938 517 978 581 ab
1001 515 1156 582 imbribus
1180 521 1309 584 aestiva

129 606 261 688 hiberna
284 623 483 709 suspendunt
507 630 539 687 et
562 644 662 686 annus
686 625 720 686 in
743 645 819 687 cura
841 611 899 702 est,
925 646 983 688 vos
1007 625 1136 708 quidem
1160 625 1309 710 quotidie

130 731 278 814 aquilicia
310 728 387 793 Jovi
420 729 600 793 immolatis,
636 730 678 792 42
714 726 988 813 (224)]1661666
1011 733 1151 816 porrigat
1174 755 1309 796 manum

129 833 275 921 Iuppiter
298 843 330 898 et
353 831 530 921 accipiat.l

174 939 355 1022 Denique
373 948 542 1024 6666166661
564 943 693 1005 obviam
714 942 868 1006 16066666
890 943 977 1006 idem
999 944 1193 1026 significans
1216 948 1311 1028 qaod

133 1054 248 1130 ,atquc
275 1047 381 1125 adec,''
425 1040 702 1131 ,661616666612
734 1044 801 1129 (17)
825 1048 933 1113 debito
957 1071 1079 1134 poenae
1102 1072 1220 1114 nocens
1247 1073 1309 1115 ex-

68 1161 71 1168 '
128 1152 318 1238 pungendus
354 1162 412 1231 est,
448 1176 509 1218 non
547 1153 743 1218 eximendus
778 1154 928 1237 Denique
963 1177 1056 1219 nemo
1088 1156 1175 1219 illum
1204 1161 1310 1241 gestit·

129 1259 304 1324 absolvere.
343 1257 475 1341 19(100)
513 1259 665 1346 Superior
698 1262 860 1323 invenitur
887 1263 977 1324 annis
1002 1263 1128 1326 circiter
1150 1267 1309 1328 trecentis

129 1388 224 1450 quam
247 1366 298 1429 1116
322 1368 560 1451 antiquissimus
567 1388 675 1451 ,penes
691 1388 750 1429 vos
762 1366 894 1454 Danaus
907 1369 940 1429 in
953 1367 1041 1450 Argo
1053 1372 1288 1434 transvenisset
1299 1397 1308 1446 ;

128 1471 267 1536 Troiano
307 1473 444 1555 denique
480 1472 600 1558 proelio
635 1472 676 1536 ad
707 1472 791 1535 mille
827 1494 926 1536 annos
961 1480 1034 1536 ante
1059 1481 1116 1537 est.
1143 1475 1182 1538 19
1208 1471 1306 1556 (107)

129 1577 250 1642 Omnes
274 1581 382 1663 itaque
406 1578 601 1642 substantias
626 1600 799 1663 omnesque
822 1581 980 1660 materias,
998 1581 1145 1663 origines,
1162 1581 1307 1659 ordineS,

130 1707 228 1749 venas
263 1687 407 1749 veterani
442 1687 595 1768 cuiusque
639 1685 703 1748 stili
744 1687 852 1762 vestri,
888 1687 974 1771 ipsas
1010 1687 1147 1770 denique
1181 1686 1308 1772 effigies

126 1789 311 1854 litterarum,
336 1797 377 1869 et,
412 1799 490 1875 puto
526 1789 629 1854 adhuc
660 1792 764 1853 minus
787 1789 932 1869 dicimus,
957 1793 1044 1876 ipsos
1069 1794 1204 1876 inquam·
1220 1793 1306 1860 deos

128 1904 264 1974 vestros
300 1898 370 1981 ipsa
404 1896 522 1981 templa
557 1904 589 1960 et
624 1896 751 1960 oracula
774 1898 926 1960 scrinium
949 1898 1093 1988 saeculis
1109 1901 1231 1976 vincit;
1259 1903 1304 1966 21

129 1998 218 2084 (126)
244 2025 317 2066 cum
340 2003 392 2066 1116
417 2002 516 2066 verbo
540 2001 707 2066 daemonia
729 2000 770 2065 de
793 2002 973 2066 hominibus
998 2012 1167 2077 excuteret,
1185 2028 1309 2072 caecos

129 2109 341 2185 reluminaret,
365 2107 508 2193 leprosos
533 2116 690 2192 purgaret,
715 2108 906 2192 paralyticos
930 2111 1143 2194 restringeret,
1156 2119 1308 2178 mortuos

127 2215 265 2297 denique
288 2213 388 2277 verbo
412 2199 560 2278 redderet
583 2215 678 2288 vitae,
704 2214 860 2278 elementa
875 2217 945 2300 ipsa
961 2215 1146 2293 famularet3
1164 2215 1309 2300 50(261,)

129 2315 193 2383 Sed
229 2318 427 2396 obducimur,
464 2328 549 2384 certe
585 2332 657 2384 cum
692 2320 903 2385 obtinuimus:
939 2344 1014 2406 ergo
1048 2325 1194 2403 vicimus
1228 2348 1310 2392 cuni

127 2425 311 2490 occidimur.
337 2426 487 2509 Denique
511 2426 686 2504 evadimus
712 2449 785 2490 cum
808 2427 997 2492 obducimur
1012 2429 1052 2510 ²).

172 2529 354 2611 Denique
378 2557 420 2584 =
443 2533 532 2615 Belg.
563 2531 679 2616 ,16162
709 2529 846 2613 23(150)
871 2533 976 2618 Magis
999 2536 1078 2600 fides
1095 2540 1241 2622 proxima
1255 2553 1308 2605 est

127 2638 282 2702 adversus
307 2641 495 2724 semetipsos
520 2639 707 2703 confitentes
731 2663 825 2724 quam
849 2662 907 2726 pro
931 2645 1111 2728 semetipsis
1134 2656 1307 2728 negantes.

168 2972 176 2997 ¹
204 2973 247 3026 Of.
276 2973 341 3026 Nat.
372 2973 395 3026 Ι.
424 2972 534 3042 51283)
554 2990 619 3026 nam
637 2978 665 3028 61
683 2975 795 3028 nomina
812 2955 934 3030 6166661
952 2977 1086 3042 166111616,
1107 2984 1138 3031 61
1156 2978 1223 3032 fines
1244 2998 1313 3036 suos

126 3059 246 3116 habeant
276 3062 347 3116 inter
374 3062 428 3116 dici
456 3068 483 3116 61
510 3079 578 3116 esse:
607 3069 675 3132 quot
692 3064 804 3132 61666666
822 3063 977 3135 philosophi
995 3066 1125 3120 dicuntur
1142 3084 1192 3122 nec
1211 3074 1311 3124 tamen

126 3149 214 3220 legem
232 3149 422 3220 philosophiae
440 3150 612 3220 adimplent?
662 3225 665 3229 .

162 3239 227 3292 Nat.
256 3239 279 3293 I.
310 3239 343 3292 10
371 3237 449 3315 (306)
474 3243 551 3292 taceo
578 3238 612 3292 de
639 3239 815 3310 philosophis,
844 3258 928 3311 quos.
944 3285 950 3296 .
964 3284 991 3297 ..
1020 3245 1113 3315 erigite
1143 3246 1257 3320 61661666
1277 3256 1307 3303 61

127 3327 251 3382 Socrates
270 3328 298 3380 in
317 3327 512 3381 contumeliam
530 3344 624 3380 eorum
642 3319 773 3397 quercum
791 3334 818 3383 61
836 3337 977 3403 66661661
994 3331 1101 3387 hircum
1119 3333 1199 3389 iurat.

166 3414 175 3442 ⁹
202 3417 244 3470 Of.
268 3417 334 3470 Nat.
354 3416 377 3469 I.
396 3417 415 3469 4
434 3415 508 3484 (219)
528 3416 642 3486 ideoque
660 3417 708 3486 qui
726 3417 873 3486 possident,
892 3421 979 3490 magis
998 3420 1150 3492 displicent,
1169 3425 1235 3494 quia
1254 3430 1306 3496 qui

125 3507 242 3570 affectat,
262 3505 361 3570 illudit,
380 3505 428 3574 qui
446 3504 573 3576 possidet,
595 3505 725 3560 defendit.
744 3507 864 3576 Denique
883 3507 1007 3563 Socrates
1026 3527 1060 3564 ex
1078 3528 1110 3564 ea
1129 3518 1206 3582 parte
1224 3514 1306 3570 dam-

124 3599 206 3647 natus
234 3599 282 3662 est,
310 3610 365 3662 qua
393 3593 504 3663 propius
523 3599 704 3663 temptaverat
722 3597 873 3650 veritatem.
892 3597 907 3650 Ι
926 3598 960 3651 20
976 3597 1050 3667 (330)
1070 3601 1170 3654 Vestra
1187 3603 1305 3672 denique

125 3681 259 3734 sententia
277 3686 318 3734 est
335 3698 369 3734 66
388 3697 500 3734 causam
518 3681 579 3750 quis
595 3681 697 3736 iudicet
708 3683 761 3736 nisi
774 3683 881 3738 duobus
894 3684 1003 3751 auditis,
1016 3687 1090 3757 quod
1103 3689 1132 3741 in
1144 3689 1223 3743 nobis
1236 3692 1304 3747 solis

124 3771 276 3840 negligitis;
295 3770 371 3824 11.4
390 3770 461 3834 (343)
480 3770 601 3839 Denique
619 3789 703 3841 quam
721 3773 760 3826 ita
778 3773 821 3837 sit,
841 3773 966 3844 probatio
985 3777 1113 3846 suppetit,
1133 3794 1197 3831 cum
1215 3780 1302 3834 etiam

124 3858 263 3912 universos
282 3858 345 3912 deos
364 3863 467 3912 vestros
485 3859 573 3920 θεοὺς
592 3861 773 3914 communiter
791 3861 942 3930 appelletis.
961 3863 1000 3916 ΙΙ.
1021 3865 1036 3917 7
1057 3864 1131 3935 (355)
1150 3883 1206 3920 666
1215 3869 1301 3924 modo

125 3962 179 3998 non
206 3946 329 4010 horretis,
356 3946 403 3999 sed
428 3946 539 4016 insuper
565 3947 705 4002 honoratis
732 3954 818 4019 utque
836 3950 865 4002 in
883 3953 1039 4006 necessariis
1058 3955 1163 4008 artibus
1181 3955 1300 4023 habetis

123 4033 235 4100 61661666
253 4034 389 4102 perhanc
408 4034 581 4088 initiatricem
600 4035 768 4091 litteraturae
786 4039 962 4108 ingenuitatis
980 4041 1072 4095 studia
1089 4043 1250 4112 producitis.
