2808 4492
15 197 17 238 1

15 243 52 364 ἲ,

15 423 16 430 ¹
69 434 153 514 plum
184 441 408 518 temperamus,
441 454 481 495 ne
516 432 598 495 ultra
632 429 761 494 modum
801 437 856 492 aut
890 450 1056 514 perperam
1092 420 1227 492 utamur.

15 4101 25 4176 i
121 4199 131 4215 .

72 537 170 621 (pirae
192 540 224 602 b.
249 541 267 602 1.
293 563 336 594 =
364 539 433 616 ,bet
458 538 580 621 hehoost
601 559 681 620 paea
706 537 812 619 betooq
836 533 939 615 dost).
968 531 1104 616 43(225)
1129 534 1227 598 Plano

70 645 241 724 confitebor,
277 647 416 729 quinam,
432 717 434 724 ,
452 646 480 708 si
502 643 596 722 forte,
621 666 696 708 vere
719 643 760 707 de
787 643 952 706 sterilitate
976 641 1227 726 Christianorum

69 754 206 836 conqueri
236 753 370 836 possint.
406 748 541 832 441228)
574 751 679 815 Nemo
709 751 775 814 illio
806 749 1016 826 Christianus,
1047 750 1108 812 nisi
1127 749 1228 831 plone

67 866 176 921 tantum
212 856 424 936 Christianus,
459 864 514 921 aut
536 859 562 920 si
587 865 620 921 et
642 856 739 934 aiiud,
764 858 827 920 iam
852 877 916 918 non
941 854 1150 919 Christianus.
1177 854 1228 929 (In

68 962 129 1027 edd.
151 963 226 1049 Rig.
251 971 283 1028 et
305 963 451 1028 Haverk.
476 972 563 1028 extat
591 963 678 1041 ,aisa
699 964 757 1027 hoo
783 961 943 1040 tantum,”
975 985 1014 1026 ex
1038 963 1228 1025 auctoritate

66 1072 147 1135 unius
179 1069 288 1152 Fuld.)
324 1067 461 1164 501261)Ι
495 1071 592 1156 Ergo,
625 1071 766 1154 inquitis
792 1091 849 1133 our
873 1070 1041 1153 querimini
1060 1066 1145 1151 quod
1168 1089 1227 1131 vos

66 1178 268 1261 insequamur,
304 1179 330 1240 si
366 1179 433 1262 pati
469 1178 577 1256 vultiS,
614 1199 685 1240 oum
721 1174 852 1260 diligero
883 1175 1027 1239 debeatis
1062 1196 1119 1260 per
1150 1195 1229 1257 quos

65 1285 199 1366 patimini
235 1283 319 1368 quod
357 1284 478 1350 vultis?
512 1285 617 1347 Plane
651 1285 799 1348 volumus
836 1285 912 1362 pati,
937 1304 1047 1346 verum
1071 1303 1108 1345 eo
1132 1302 1228 1358 more,

65 1411 119 1471 quo
137 1395 167 1454 et
192 1390 311 1454 balbam
333 1391 483 1454 miles-

15 1543 16 1552 .
102 1493 227 1560 Porro
262 1496 376 1561 eadem
411 1498 443 1561 vi
478 1519 541 1581 qua
573 1503 709 1576 ,eatena
736 1498 872 1579 atestino,
896 1493 1026 1559 eontra
1054 1493 1230 1580 praeditum

64 1602 183 1668 obviam
211 1611 259 1667 est
282 1605 315 1666 in
336 1603 550 1689 Apologetioo
572 1602 583 1639 ¹
607 1605 626 1668 9
656 1602 723 1685 (53)
740 1604 890 1688 Denique
906 1605 990 1666 inter
1004 1608 1246 1686 temptamenta,

63 1707 310 1774 Christianorum
345 1709 472 1774 botulos
507 1713 602 1774 etiam
633 1733 744 1778 eruore
770 1710 929 1775 distensos
953 1709 1141 1786 admovetis,
1166 1728 1232 1770 oer-

15 1903 16 1906 ,
64 1817 174 1881 tissimi
212 1816 335 1880 scilieet
369 1818 525 1881 inlicitum
549 1839 619 1880 esse
643 1839 741 1903 penes
766 1818 838 1881 illos
863 1839 921 1903 per
944 1815 1029 1900 quod
1053 1814 1231 1878 exorbitare
1326 1839 1328 1842 ¹

15 1917 16 1924 '
62 1944 111 1986 eos
134 1923 243 1987 vultis.
268 1923 371 1987 Porro
395 1925 488 2007 quale
509 1931 570 2002 est,
594 1932 630 1987 ut
653 1946 732 2008 quos
758 1925 943 2008 sanguinem
960 1924 1084 2008 peeoris
1105 1920 1232 1983 horrere

61 2029 227 2108 confiditis,
261 2029 399 2093 humano
437 2029 559 2094 inhiare
595 2030 753 2094 credatis?
789 2065 829 2073 -
864 2025 1000 2110 23(141)
1025 2029 1127 2091 Porro
1152 2028 1178 2089 si
1202 2034 1234 2090 et

61 2139 139 2221 magi
174 2135 400 2222 phantasmata
433 2135 531 2200 edunt
566 2144 598 2199 et
631 2138 693 2201 iam
727 2135 952 2201 defunctorum
986 2134 1142 2199 infamant
1165 2135 1233 2196 ani-

61 2266 154 2322 mas,.
170 2293 179 2307 .
195 2294 203 2307 .
218 2267 240 2308 .:
265 2250 384 2328 quanto
421 2245 522 2328 magis
559 2266 649 2328 sqq.;
675 2240 811 2325 251164)
838 2243 881 2306 Ν1
904 2242 998 2307 fallor
1021 2244 1114 2318 enim,
1140 2261 1232 2303 omne

58 2371 189 2433 regnum
225 2350 276 2414 vel
310 2351 479 2435 imperium
502 2350 593 2414 bellis
618 2352 781 2434 quaeritur
804 2357 837 2414 et
863 2351 1005 2414 victoriis
1029 2336 1231 2434 propagatur.

60 2456 160 2521 Porro
195 2455 279 2522 bella
313 2464 345 2519 et
379 2459 532 2522 victoriae
568 2459 669 2541 captis
706 2464 738 2520 et
761 2459 885 2521 eversis
909 2456 1078 2541 plurimum
1102 2452 1232 2517 urbibus

59 2560 251 2628 constant.²
457 2564 461 2569 ’

96 2825 104 2850 ¹
124 2826 161 2880 H.
189 2825 309 2880 Rtroaoh:
332 2825 589 2896 ,Semasiologisohe
614 2826 740 2896 Beitriige
759 2843 823 2880 zum
843 2827 904 2880 Lat.
924 2826 1136 2890 Wtrterbuoh”;
1156 2827 1235 2880 Dom-

56 2914 128 2969 bart:
148 2915 217 2968 Min.
237 2915 297 2969 Fel.
315 2932 341 2985 p.
364 2916 414 2969 140
433 2933 485 2986 sq.;
505 2915 577 2970 Vide
597 2916 663 2970 Sall.
682 2915 748 2986 Jug.
769 2917 811 2969 25.
833 2917 864 2969 7:
887 2914 1018 2980 ,timebat
1036 2914 1105 2968 iram
1117 2920 1235 2979 senatus,

55 3004 83 3055 ni
111 3003 248 3073 paruisset
276 3003 388 3074 legatis:
412 3021 495 3072 porro
523 3004 630 3057 animus
658 3005 786 3074 cupidine
814 3021 910 3058 caecus
938 3004 973 3058 ad
992 3005 1131 3074 inceptum
1150 3004 1237 3057 scelus

55 3093 248 3163 rapiebatur'3
268 3093 303 3147 of.
323 3093 399 3146 [aaa
417 3093 522 3158 Mulier,
543 3093 654 3160 Quaat.
684 3093 750 3148 Grit.
770 3093 804 3148 de
824 3085 1005 3148 Chalcidii'in
1023 3094 1166 3147 Timaeum
1177 3093 1237 3146 Pla-

53 3183 128 3236 tonis
147 3181 345 3235 nommantario
364 3182 388 3235 Ι.
407 3199 434 3252 p.
453 3181 478 3236 8.
498 3181 541 3236 ef.
562 3181 702 3250 Spaldinp,
722 3182 757 3236 ad
777 3182 913 3249 Quinctil.
933 3183 1001 3238 Inst.
1021 3199 1058 3236 or.
1078 3183 1119 3236 II.
1138 3182 1162 3235 3.
1182 3183 1206 3235 5.

93 3269 169 3326 ‘Oi
197 3270 231 3325 de
257 3270 310 3324 hao
338 3270 475 3341 particula
492 3270 528 3324 ad
547 3271 625 3325 Natt.
644 3271 668 3325 Ι.
687 3274 703 3324 2
723 3271 797 3340 (274)
816 3271 903 3324 Porro
921 3270 955 3325 de
973 3271 1060 3335 nobie,
1080 3275 1148 3341 quo's
1167 3276 1237 3324 atro·

52 3360 178 3416 rioribus
214 3376 246 3414 ae
283 3359 409 3430 pluribus
446 3359 606 3414 criminibus
632 3359 778 3429 deputatis,
808 3358 932 3414 breviora
963 3377 995 3414 ao
1021 3359 1123 3414 leviora
1150 3360 1238 3429 elogia

53 3449 204 3513 conficitis3
232 3449 256 3503 I.
284 3449 300 3501 3
321 3447 396 3516 (276)
414 3449 501 3502 Porro
519 3449 668 3502 sententiae
687 3455 792 3503 vestrae
811 3449 881 3502 nihil
899 3449 951 3502 nisi
970 3446 1163 3503 Christianum
1176 3465 1237 3502 oon-

53 3541 162 3593 iessum
188 3543 295 3592 notant.
323 3537 346 3590 Ι.
365 3538 383 3590 4
402 3537 475 3606 (280)
502 3538 640 3592 confessus
668 3543 709 3592 est
739 3539 812 3592 enim
832 3556 860 3591 se
879 3537 961 3591 deum
980 3555 1035 3591 non
1054 3555 1117 3601 esse,
1137 3538 1239 3592 seilicet

51 3645 118 3680 oum
138 3643 248 3696 quoque
267 3626 499 3695 sapientissimum
521 3626 658 3680 affirmans
677 3627 725 3696 qui
743 3626 807 3681 deos
829 3626 982 3680 abnuebat:
997 3644 1080 3696 porro
1099 3627 1173 3697 apud
1191 3643 1238 3679 vos

51 3735 84 3770 ro
104 3716 201 3769 minus
219 3715 334 3785 sapiens,
354 3715 419 3784 quia
437 3713 501 3770 deos
520 3713 650 3780 abnuens,
670 3733 732 3769 cum
752 3716 813 3769 ideo
826 3716 940 3786 sapiens,
954 3716 1020 3786 quia
1032 3716 1095 3769 deos
1109 3715 1239 3768 abnuens.

53 3807 77 3860 I.
98 3807 117 3860 8
137 3804 212 3872 (294)
230 3803 317 3856 Porro
335 3804 357 3856 si
376 3809 435 3857 tam
453 3804 598 3856 monstrosi
616 3805 663 3873 qui
682 3805 755 3858 tertii
773 3805 834 3868 loci,
854 3804 947 3874 quales
960 3804 1079 3858 habendi
1092 3805 1138 3874 qui
1152 3805 1240 3875 primo

51 3903 81 3948 rt
100 3892 225 3947 meundo
234 3892 422 3947 anteoedunt?
431 3923 467 3930 —
476 3893 516 3946 Π.
528 3893 541 3946 1
553 3891 626 3962 (335)
637 3893 762 3963 Denique
775 3893 849 3963 apud
863 3893 1039 3964 philosophos
1053 3895 1163 3962 ineerta,
1176 3894 1239 3962 quia

53 3983 142 4046 varia,
165 3981 238 4049 apud
256 3987 350 4051 poetas
369 3982 462 4035 omnia
480 3981 601 4050 indigna,
622 3983 687 4051 quia
700 3984 799 4052 turpia,
814 3982 887 4052 apud
898 3983 1013 4052 populos
1023 3983 1130 4051 passiva
1141 3983 1241 4045 omnia,

51 4072 122 4142 quia
153 4069 316 4124 voluntaria.
345 4069 431 4133 Porro
454 4070 590 4134 divinitas,
609 4072 631 4123 si
650 4087 741 4124 veram
762 4075 899 4134 retractes,
919 4080 950 4122 oa
968 4071 1124 4123 definitione
1143 4077 1190 4131 est,
1210 4074 1241 4120 ut

1085 4163 1103 4223 8
