2788 4500
616 214 659 277 49

94 408 341 474 Memorandum
364 410 469 472 estin
491 407 585 471 huius
607 408 760 492 temporis
781 406 936 470 latinitate
953 429 1049 492 saepe
1067 405 1221 488 „coemto”

51 518 195 601 usurpari
228 513 340 580 eadem
368 514 599 598 significatione
631 535 669 578 ac
705 511 913 598 ,propter”.¹
950 512 1050 598 Apud
1084 512 1225 598 Seriptt:

50 623 125 686 hist.
166 623 251 706 Aug.
290 643 417 706 quoque
460 621 611 698 ,alicuius
645 618 778 683 merito”
815 619 967 704 explicari
1005 628 1113 705 potest
1150 642 1224 705 per:

55 737 203 815 ,propter
224 727 375 812 aliquid''.
402 728 442 791 14
466 723 535 810 (78)
558 725 620 790 Est
643 733 675 789 et
697 725 750 790 ille
773 725 813 790 de
825 725 932 810 lyricis
945 725 1133 800 (Pindarum
1142 725 1228 801 dico)

50 839 105 922 qui
113 836 343 921 Aesculapium
358 836 445 899 canit
459 833 620 898 avaritiae
634 832 760 911 coemto,
777 815 853 916 quia
867 831 1058 897 medicinam
1074 841 1226 898 nocenter

51 942 230 1021 exercebat,
266 941 399 1006 fulmine
422 939 607 1004 iudicatum.
633 940 674 1003 25
699 937 790 1018 (164)
814 937 909 1003 Certe
932 961 997 1003 non
1020 947 1128 1024 potest
1153 938 1226 1004 fidei

51 1052 236 1128 convenire,
267 1057 303 1113 ut
332 1048 500 1132 religionis
529 1046 656 1110 meritis
685 1048 866 1110 excrevisse
896 1044 1068 1110 videantur
1096 1048 1160 1130 qui,
1192 1056 1228 1110 ut

51 1159 278 1242 suggessimus,
307 1155 492 1238 religionem
521 1161 576 1217 aut
595 1150 752 1216 laedendo
779 1160 950 1244 cpeverimt
975 1161 1031 1216 aut
1053 1151 1226 1217 crescendo

50 1263 220 1327 laeserunt.
365 1255 372 1268 '

552 1909 601 1990 A,
639 1909 732 1976 AB.

97 2108 196 2187 Quod
227 2107 268 2172 ad
299 2108 382 2172 hanc
411 2077 682 2193 praepositionem
713 2109 836 2186 attinet,
860 2129 963 2193 pauca
985 2116 1109 2174 tantum
1132 2110 1229 2195 digna

51 2239 135 2302 quae
158 2222 382 2292 memorentur,
412 2215 601 2278 invenimus.
628 2214 668 2277 15
693 2208 763 2296 (84)
786 2212 938 2279 Vidimus
962 2215 1133 2300 aliquando
1157 2239 1227 2281 cas·

49 2331 171 2387 tratum
192 2323 296 2400 Attin,
319 2321 409 2386 illum
431 2319 527 2384 deum
549 2319 783 2384 aPe'ssinunte.
808 2318 940 2395 (Variae
950 2321 1123 2388 lectiones:
1140 2324 1227 2387 illum

50 2430 150 2494 deum
158 2451 198 2492 ex
210 2428 418 2504 Pessinunte;
431 2425 520 2490 illum
531 2423 627 2491 deum
638 2434 781 2490 vestrum
797 2449 814 2490 e
827 2425 864 2491 P.
877 2427 912 2507 2).
924 2427 968 2491 ci.
981 2450 1075 2513 porro
1088 2429 1129 2495 ad
1138 2429 1225 2497 Nau.
1248 2493 1251 2498 .

48 2536 126 2601 1.10
139 2533 232 2615 (307)
249 2534 376 2598 Ibidem
388 2558 419 2619 p.
431 2534 506 2598 301.
517 2533 643 2597 Horum
651 2535 678 2596 si
690 2555 748 2598 vos
761 2533 873 2598 saltem
885 2536 1043 2618 integrum
1056 2535 1228 2600 honoribus

49 2643 170 2707 vestris
200 2643 247 2705 rei
278 2643 390 2705 essetis
420 2640 525 2704 laesae
555 2624 727 2724 religionis,
748 2639 805 2704 sed
828 2642 957 2705 invenio
981 2645 1183 2728 conspirasse
1208 2666 1228 2707 α

49 2751 143 2814 uobis
166 2758 232 2814 tam
255 2747 491 2834 superstitionis
512 2767 607 2830 quam
631 2747 802 2831 impietatis
826 2746 1014 2832 profectum.
1038 2746 1064 2810 Ι.
1080 2749 1120 2812 15
1135 2745 1227 2829 (317)

49 2861 151 2921 immo
175 2853 472 2942 superacervabitur
488 2854 522 2915 in
548 2851 642 2916 vobis
667 2851 819 2937 quicquid
841 2853 882 2916 ob
905 2854 973 2918 olio
995 2855 1227 2920 rationedefe-

48 2964 142 3029 cerit.
178 2960 207 3026 Ι.
245 2961 285 3026 16
319 2956 409 3041 (322)
437 2959 493 3036 1111,
529 2957 615 3042 quod
652 2958 797 3022 alumnus
832 2961 865 3022 in
899 2962 1035 3045 pueritia
1071 2963 1227 3048 perisset:

48 3071 115 3148 ille,
165 3087 199 3132 se
246 3088 372 3152 quoque
414 3087 435 3129 o
472 3065 624 3148 pueritia
666 3067 798 3150 perisse,
842 3064 869 3129 Ι.
919 3068 958 3131 17
996 3064 1086 3149 (324)
1122 3067 1228 3134 Vani-

47 3178 128 3240 tatis
152 3175 318 3258 sacrilegia
340 3173 530 3238 conveniam
552 3179 585 3235 et
600 3172 700 3256 ipsius
716 3173 905 3238 vernaculae
920 3176 1024 3258 gentis
1043 3177 1228 3238 inreveren-

48 3287 130 3347 tiam
165 3303 392 3365 recognoscam
425 3288 458 3344 et
491 3278 627 3343 festivos
661 3278 785 3344 libellos
817 3303 897 3364 quos
921 3290 1044 3345 statuae
1068 3284 1173 3346 sciunt
1197 3291 1229 3346 et

49 3390 105 3454 illa
129 3387 260 3472 obliqua
282 3408 519 3471 nonnumquam
542 3384 629 3450 diota
651 3407 672 3452 a
695 3387 830 3451 camillo
850 3395 945 3472 atque
961 3386 1132 3454 maledicta
1147 3412 1228 3473 quae

49 3497 131 3560 circi
156 3502 282 3559 sonant.
308 3527 349 3536 -

90 3776 99 3802 ¹
118 3775 266 3843 Koffmam
283 3773 382 3828 Gcsch.
401 3772 448 3826 des
466 3773 634 3827 Kirchenlat.
654 3773 678 3826 Ι.
697 3790 723 3842 p.
744 3773 803 3826 142.
824 3773 896 3828 stol.
914 3773 969 3827 lolr.
988 3771 1102 3827 Versoh.
1121 3773 1169 3827 der
1181 3775 1228 3829 lat.

49 3866 113 3935 Spr.
143 3882 171 3934 p.
197 3863 272 3926 135.;
291 3857 419 3926 Paocler,
438 3863 601 3915 scrutariiun
622 3863 672 3924 10;
691 3862 804 3914 Dressel.
823 3862 928 3916 lexieal.
947 3863 1072 3916 Bemerlr.
1091 3881 1125 3917 zu
1144 3864 1229 3918 Firm.

47 3955 120 4008 Mat.
154 3951 294 4006 Zwielmu.
315 3951 392 4004 1882.
411 3967 438 4019 p.
456 3951 508 4014 243
536 3951 644 4004 Ro'nseb
662 3951 686 4004 Ι.
705 3967 732 4004 u.
751 3951 787 4004 V.
807 3969 833 4020 p.
856 3952 916 4006 398.
940 3953 1050 4006 coelur
1068 3952 1115 4007 lat.
1135 3953 1169 4007 de
1188 3953 1228 4008 St.

47 4044 165 4097 Jerome
185 4059 212 4111 p.
232 4039 292 4094 333.
312 4069 345 4077 -
