2788 4500
641 187 715 291 aa

69 423 184 488 Iesum
207 423 282 488 dedi
306 404 367 488 sibi
392 423 598 498 extorserint;
624 422 665 486 39
684 419 774 503 (207)
787 420 1043 486 Herculanarum
1055 420 1249 508 decimarum

71 538 106 593 et
140 530 352 615 polluctorum
377 537 521 614 sumptus
545 526 692 592 tabularii
716 527 944 614 suppntahunt,
968 527 1144 612 Apaturiis,
1166 527 1249 589 Dio·
1318 513 1321 518 ¹

72 637 186 720 nysiis‚
209 639 369 721 mysteriis
393 637 512 700 Atticis
537 657 686 700 cocorum
710 632 853 698 delectus
876 632 1037 711 indicitur,
1061 633 1250 715 (adsacrum

71 765 195 807 coenae
219 741 409 829 Sarapiacae
433 742 583 828 sparteoli
606 733 839 806 excitabuntur.
1295 812 1297 815 .

118 851 164 913 ad
185 875 229 903 =
252 851 372 933 oprrd1
401 851 451 913 47·
469 847 559 930 (248)
583 847 639 912 ubi
660 845 755 910 Fuld.
780 854 812 910 et
835 846 909 910 inde
926 845 1070 911 Haverk.
1095 847 1250 932 praebent

70 956 157 1019 hanc
186 956 374 1021 lectionem:
399 954 453 1020 Sic
478 957 562 1020 enim
586 964 618 1018 et
640 953 887 1038 Pyriphlegcton
912 955 956 1017 ad
977 942 1123 1017 mortuos
1147 954 1249 1017 amnis

71 1071 132 1126 est.
160 1060 289 1147 (vulger
314 1060 422 1149 apud).

116 1170 161 1232 od
175 1193 219 1222 =
234 1170 272 1232 iu
295 1168 363 1234 fere
387 1171 527 1254 positum
546 1167 731 1254 reperiturI
744 1165 791 1248 (3)
806 1169 834 1232 si
845 1169 889 1232 ud
899 1167 982 1231 hanc
995 1169 1095 1232 solam
1108 1170 1248 1254 speciem

69 1273 128 1354 (=
152 1278 186 1338 in
218 1275 278 1340 hac
314 1274 433 1363 speeie)
469 1277 641 1340 auctoritas
666 1283 772 1340 vestra
795 1274 835 1339 de
859 1277 998 1348 iustitiae
1022 1274 1187 1359 diligentia
1211 1276 1253 1365 in·

68 1381 203 1466 publico
226 1390 282 1446 aut
303 1384 395 1446 timet
417 1395 472 1446 aut
495 1382 654 1446 erubescit
676 1383 845 1465 inquirere.
862 1367 905 1445 48
924 1380 1016 1463 (257)
1029 1382 1155 1466 profani
1168 1404 1247 1445 vero

68 1489 127 1572 qui
151 1509 215 1551 non
239 1491 360 1573 integre
383 1488 553 1553 addeum.
578 1511 606 1553 c.
632 1489 693 1553 25:
717 1497 753 1551 ut
775 1487 854 1551 nihil
877 1490 940 1552 iam
955 1490 998 1552 od
1012 1490 1097 1552 horre
1112 1510 1246 1552 euersum

69 1594 114 1654 sit
149 1594 396 1668 retractandum.
433 1617 461 1659 c.
486 1596 547 1659 37:
572 1596 784 1681 expavissetis
808 1596 851 1658 ad
873 1596 1084 1658 solitudinem
1107 1601 1248 1660 ecetram

68 1701 91 1761 i.
105 1720 134 1762 c.
148 1701 359 1784 expavissetis
372 1700 661 1766 animadvertentes
673 1702 706 1765 in
717 1708 835 1784 quanta
846 1703 1052 1764 versaremini
1064 1700 1245 1766 solitudine.

68 1803 115 1867 cf.
141 1826 170 1869 c.
195 1806 254 1869 39:
278 1805 319 1870 de
353 1829 416 1871 uno
452 1814 543 1871 utero
571 1808 767 1891 ignorantiae
791 1805 936 1870 eiusdem
958 1808 1001 1871 ad
1023 1829 1128 1872 arrum
1143 1810 1247 1872 luccen

68 1913 261 1995 expaverint
285 1915 440 1991 veritatis,
465 1915 486 1977 i.
511 1936 539 1977 e.
564 1911 604 1978 de
628 1907 768 2002 tenebris
793 1915 999 1996 ignorantiae,
1024 1937 1062 1978 ex
1088 1938 1150 1999 qua
1158 1916 1247 1979 velut

68 2039 110 2078 ex
159 2025 249 2082 utero
283 2021 393 2083 matris
429 2027 604 2084 nascuntur
639 2019 822 2097 Christiani,
859 2042 998 2084 emersos
1031 2043 1246 2107 expavescere

68 2122 243 2207 splendore
267 2127 410 2189 veritatis
434 2134 619 2211 conspecto.

121 2229 200 2306 „od”
223 2252 339 2316 praep.
363 2253 620 2315 rzcnnurnquarn
630 2253 695 2316 pro
713 2232 866 2296 Geractv'vo
879 2233 1030 2298 obiectare
1042 2241 1247 2318 usurpatur:

66 2338 111 2399 42
138 2335 228 2418 (220)
253 2360 316 2421 quo
339 2346 435 2425 pacto
459 2339 603 2403 homines
616 2339 785 2403 vobiscum
796 2339 959 2424 degentes,
973 2339 1115 2404 eiusdem
1128 2343 1243 2419 victus,

67 2442 210 2522 habitus,
246 2445 447 2522 instructus.
467 2444 610 2510 eiusdem
642 2447 685 2509 ad
718 2447 822 2510 cuturn
845 2449 1060 2522 necessitatis3
1085 2448 1127 2511 45
1153 2445 1243 2528 (229)

66 2556 160 2613 tanta
189 2558 237 2614 est
261 2550 430 2636 prudentia
451 2551 588 2616 hominis
613 2553 656 2616 ud
678 2551 960 2616 demonstrandum
983 2553 1102 2617 bonurn
1126 2562 1245 2638 quanta

67 2659 245 2722 auctoritas
269 2659 313 2721 od
335 2658 536 2742 exigendum.

115 2762 281 2845 adspicere
316 2766 359 2828 ud
393 2766 433 2828 21
460 2762 549 2844 (132)
573 2773 608 2827 ut
630 2764 671 2829 ad
695 2787 754 2829 vos
779 2788 905 2849 quoque
929 2765 1142 2830 dominatores
1166 2789 1245 2852 gen·
1297 2752 1301 2758 ⁵

67 2871 150 2932 tium
174 2869 359 2954 adspiciam.
682 2901 687 2911 ·

114 2996 281 3060 ocqurrerc
304 2998 329 3042 c.
354 2977 395 3040 ad
414 2999 529 3062 praep.
553 2981 711 3064 reperitur
733 2975 833 3060 4(23)
847 3002 919 3044 cum
932 2982 1091 3044 adomnia
1103 2982 1245 3045 occurrit

67 3082 190 3144 veritas
214 3091 332 3146 nostra.
358 3082 479 3148 Contra
502 3107 530 3148 c.
555 3086 615 3148 46:
641 3085 700 3148 soli
724 3086 924 3150 innocentiae
948 3089 1153 3164 occurrimus,

115 3191 285 3251 ematcrrtrrs
302 3188 401 3277 „odit
414 3191 434 3253 2
449 3188 516 3271 (10)
530 3212 594 3254 non
607 3192 714 3254 statim
725 3191 875 3256 confesso
888 3215 925 3256 eo
938 3216 1054 3257 nomen
1065 3193 1247 3258 homicidae
1340 3185 1343 3192 ’

68 3293 121 3357 vel
146 3295 293 3378 sacrilegi
315 3296 368 3359 vel
392 3298 505 3360 incesti
529 3296 581 3361 vel
605 3296 726 3381 publici
749 3297 862 3375 hostis,
886 3307 922 3363 ut
945 3299 984 3364 de
1001 3303 1118 3364 nostris
1131 3301 1243 3384 elogiis

66 3400 191 3484 loquar,
226 3403 369 3466 corrtcntr'
403 3404 472 3466 sitis
495 3405 539 3466 od
560 3403 839 3488 pronuntiandum,
876 3408 992 3469 nisi-et
1015 3405 1243 3491 consequentia

68 3508 215 3589 exigatis.

34 3595 36 3599 ⁵
113 3610 169 3675 Ad
192 3633 268 3676 cerm
296 3614 472 3679 Gerrrndio'
491 3621 521 3679 et
549 3616 737 3708 Oertntdt'ro
756 3638 819 3701 pro
842 3619 1003 3681 sententia
1025 3621 1126 3702 sinuli
1139 3617 1162 3697 ²,
1188 3623 1242 3704 qui

108 3777 114 3802 ¹
144 3768 253 3821 Riinsclr
272 3769 296 3824 I.
314 3787 342 3824 u.
361 3771 397 3824 V.
416 3788 460 3842 pg.
480 3772 540 3826 390.
561 3772 596 3826 cf.
621 3772 708 3826 Kato.-
727 3772 945 3828 RornsJuristen
956 3775 1027 3828 nach
1038 3776 1110 3830 ihrer
1123 3776 1243 3847 Sprache

65 3857 224 3926 dargestelt.
243 3857 364 3930 Leipzig.
385 3861 462 3916 1890.
479 3879 526 3932 pg.
545 3862 587 3916 62.
1330 3903 1331 3908 =

106 3945 116 3975 ²
147 3946 261 4004 Konna
288 3948 327 4003 II.
355 3966 400 4019 pg.
428 3951 480 4004 559
499 3968 538 4020 sq.
557 3951 594 4005 cl.
612 3951 703 4005 Hand.
720 3952 835 4007 Tursell.
853 3952 876 4006 I.
895 3971 941 4023 pg.
961 3955 994 4008 74
1013 3972 1088 4025 sqq.;
1108 3955 1200 4008 Holtre
1219 3956 1245 4010 Ι.

68 4053 112 4105 pg.
133 4036 194 4090 196.
213 4037 331 4105 Drurqcr
349 4038 371 4091 I.
391 4056 437 4110 pg.
455 4040 508 4093 532
526 4057 584 4110 sqq.
