2808 4492
17 257 51 309 ...Ἰ

663 164 725 226 105

93 381 97 390 ·
145 357 193 420 4⁰.
224 357 335 440 politas
370 345 445 422 maai
479 357 574 421 verbo
612 356 742 434 ,rraallen
768 359 776 396 ¹
819 359 961 421 iunctum
989 365 1038 422 est
1060 354 1195 440 37(195)
1220 358 1277 424 sed

77 457 213 527 ¹hostes
246 464 413 527 maluistis
448 469 564 528 vocare
598 465 724 548 generis
756 463 885 527 humani
904 465 1018 548 potius
1042 487 1136 549 quam
1160 469 1274 532 erroris

96 567 242 634 humani.

77 747 81 755 Ι
145 676 191 738 5⁰.
217 675 362 752 Primus,
386 676 446 739 abi
467 677 505 740 de
527 677 655 740 duabus
680 682 811 740 taratara
826 677 921 740 rebus
937 677 1059 760 mentio
1071 677 1120 758 fit.
1134 677 1198 764 Ap.
1214 680 1276 742 21:

95 779 239 845 Duobus
269 784 356 846 enim
388 778 580 846 adventibus
605 785 676 847 eius'
698 779 892 867 significatis
912 783 1033 866 prima,
1059 785 1113 868 qui
1136 786 1199 848 iam
1223 807 1276 848 ex·

95 895 241 972 punctus
276 897 326 952 est
359 891 393 951 in
426 887 604 953 humilitate
636 888 828 953 conditionis
855 889 1021 967 humanae,
1045 892 1196 968 secando,
1220 893 1274 976 qui

96 993 325 1058 concludendo
349 995 476 1058 saeculo
499 996 643 1058 imminet
667 997 699 1061 in
724 994 917 1062 sublimitate
941 995 1117 1060 divinitatis
1140 1006 1274 1070 exertae,

90 1101 251 1184 mamma
286 1123 351 1167 non
384 1101 598 1184 intellegendo
626 1103 814 1174 secandam,
841 1124 936 1185 quem
958 1101 1158 1166 manifestius
1183 1126 1275 1188 prae·

94 1207 244 1272 dicatum
278 1216 418 1293 sperant,
454 1230 551 1271 unum
586 1209 860 1272 existimaverunt.
886 1231 914 1272 o.
940 1209 1001 1272 48:
1026 1207 1137 1272 eadem
1160 1231 1274 1274 aevum

95 1335 229 1398 quoque
253 1317 297 1378 ita
320 1315 479 1380 destinata
502 1321 535 1379 et
557 1314 710 1379 distincta
733 1313 921 1378 condicione
934 1317 1104 1393 conseruit,
1118 1316 1274 1399 utprima

94 1420 181 1484 haec
205 1443 288 1505 pars,
313 1421 354 1486 ab
378 1420 508 1485 exordio
531 1443 636 1484 rerum
661 1443 756 1504 quam
779 1421 956 1498 incolimus,
970 1422 1147 1505 temporali
1169 1429 1272 1488 aetate

7 1607 9 1610 Ι
94 1526 141 1591 nd
165 1527 259 1592 finem
283 1526 419 1599 defluat,
432 1549 568 1610 sequeus
589 1549 675 1605 vern,
701 1548 796 1610 quam
819 1535 1052 1612 exspectamus
1072 1529 1105 1591 in
1120 1528 1274 1592 infinitam

96 1636 322 1698 aeternitatem
346 1641 547 1720 propagetur.

503 2110 570 2176 Du
594 2108 874 2177 ADVERBIO.

144 2363 308 2426 Aduerbio
346 2363 481 2430 insolita
514 2361 642 2424 ratione
674 2361 892 2424 substantivis
925 2361 1040 2425 iuncta
1074 2365 1275 2448 reperiuntur

91 2466 191 2550 207)
226 2470 279 2533 vel
311 2491 351 2532 ne
387 2468 570 2553 compulsus
606 2490 721 2552 negare
744 2489 809 2531 non
832 2490 871 2531 ex
894 2467 955 2532 fide
978 2471 1102 2553 negarit
1125 2477 1157 2533 et
1180 2469 1273 2534 abso-

90 2577 185 2639 lutus
208 2575 330 2639 ibidem
353 2583 427 2660 post
448 2573 588 2637 tribunal
611 2573 650 2638 de
673 2582 782 2638 vestra
805 2574 908 2638 rideat
928 2575 1136 2638 aemulatione
1152 2575 1273 2638 iterata

95 2681 339 2747 camaracus?
371 2679 493 2762 (,iater
530 2679 752 2745 Christia·coc”
790 2679 910 2744 habent
944 2679 1038 2744 Gora.
1063 2680 1167 2765 Lugd.
1189 2680 1217 2744 Ι.
1242 2690 1273 2744 et

90 2787 172 2854 edd.
209 2787 338 2871 Gangn.
373 2786 479 2869 Barr.)
505 2785 595 2868 alal)
620 2786 770 2851 Ceterum
793 2785 833 2850 de
857 2794 905 2850 tot
928 2787 1042 2850 exinde
1062 2788 1273 2871 principibus

92 2893 139 2959 ad
162 2893 354 2959 hodiernum
378 2893 522 2958 divinum
545 2893 780 2976 humanumque
804 2882 1003 2978 sapientibus
1027 2893 1111 2957 edite
1136 2880 1272 2979 aliquem

90 2999 328 3065 debellatorem
352 3000 623 3065 Christianorum!
650 2996 740 3079 9(56)
763 2998 855 3063 Tunc
879 2997 996 3063 deinde
1020 3022 1220 3085 quocumque
1239 3003 1271 3063 in

91 3108 181 3185 1000,
206 3105 303 3184 1101111,
328 3129 469 3192 peregre,
493 3115 580 3170 trans
604 3106 686 3170 freta
710 3128 817 3170 comes
841 3114 890 3170 est
912 3104 1021 3183 libido,
1046 3108 1136 3170 cuius
1153 3107 1273 3189 abique

90 3215 205 3278 saltus
228 3212 324 3277 facile
349 3220 484 3298 possunt
498 3213 615 3277 alicubi
626 3215 744 3297 ignaris
756 3213 836 3276 filios
849 3235 998 3298 pangere,
1015 3215 1028 3252 ²
1048 3221 1122 3276 cett.
1137 3209 1286 3294 25(163)·

136 3458 146 3484 ¹
165 3456 368 3526 [101Ροί110111).
398 3457 425 3510 d.
451 3456 511 3526 Spr.
530 3456 578 3510 des
595 3457 624 3510 J.
645 3457 722 3509 Aem.
741 3455 809 3526 Pap.
828 3474 873 3526 pg.
892 3457 940 3520 41;
961 3456 1031 3510 aaa.
1051 3474 1078 3526 p.
1100 3457 1164 3520 100;
1183 3458 1273 3511 malle·

89 3548 160 3603 velle
188 3547 223 3601 cf.
251 3546 329 3610 Kalh,
356 3545 499 3599 Juristenl.
528 3547 562 3599 70
583 3550 610 3598 et
628 3545 671 3599 80.
695 3545 874 3610 Graderawt'ta,
893 3545 1024 3615 Interpol.
1043 3564 1087 3616 pg.
1108 3547 1141 3599 69
1166 3553 1193 3600 et
1214 3548 1273 3602 194.

90 3637 140 3692 of.
162 3635 261 3704 Papin.
275 3635 323 3709 18.
337 3636 361 3698 5,
378 3634 418 3703 12,
432 3634 447 3687 3
461 3634 561 3687 maluit
573 3632 616 3702 (ε
628 3638 788 3704 προῃρεῖτο)
802 3633 974 3688 accusatione
987 3632 1114 3688 desistere
1127 3640 1154 3688 ct
1166 3635 1273 3689 lucrum

90 3743 131 3780 ex
160 3723 226 3778 dote
257 3723 347 3791 mucis
373 3728 477 3792 petere;
507 3723 571 3792 Ulp.
599 3722 640 3786 28,
661 3722 685 3785 3,
706 3723 730 3790 6,
750 3722 765 3774 7
785 3722 832 3792 qui
850 3723 921 3776 mori
938 3723 1028 3791 maqc's
1047 3740 1129 3792 quam
1149 3723 1273 3778 damnari

89 3812 262 3876 valueram
281 3811 382 3881 Porph.
404 3811 427 3875 1,
449 3812 470 3875 1,
491 3812 525 3864 54
539 3811 632 3879 potius
651 3811 731 3863 malle
748 3827 840 3880 quam.

135 3899 147 3928 '
175 3900 211 3954 ad
238 3900 305 3954 Nat.
333 3900 356 3953 Ι.
390 3900 422 3953 16
451 3898 525 3968 (320)
554 3907 585 3953 ut
614 3916 669 3953 non
697 3899 828 3970 dispersio
854 3901 989 3954 seminum
1017 3907 1043 3954 et
1074 3901 1160 3956 saltus
1179 3903 1275 3972 abiqtae

89 3990 224 4072 luxuriae
241 3987 425 4043 nescientibus
444 3988 513 4042 filios
532 3987 603 4042 edat.
