2788 4500
640 196 682 260 47

74 385 212 466 Italiam,
248 391 280 452 in
315 412 378 474 qua
412 389 567 455 Saturnus
597 397 674 476 post
707 393 830 455 multus
865 391 1081 475 expeditiones
1114 379 1253 474 postque

74 495 186 558 Attico
218 496 360 580 hospitio
390 497 536 562 consedit
558 499 589 574 (ἰ.
614 520 641 562 e.
665 505 740 582 post
762 497 877 560 multas
901 494 1120 580 expeditiones
1145 495 1248 560 factas

70 611 106 665 et
129 610 300 687 postquam
322 605 356 667 in
379 604 489 669 Attica
512 604 629 689 hospes
652 603 736 679 luit.)
762 605 802 666 10
826 603 890 679 (61)
906 610 974 667 tota
989 601 1126 686 denique
1141 601 1246 681 Italia,
1369 672 1376 679 ‚

73 714 148 784 post
175 709 372 786 Oenotriam,
397 709 546 775 Saturnia
568 709 851 796 cognominabatur
873 711 904 787 (ἰ.
925 732 952 773 e.
970 717 1139 795 postquam
1155 717 1249 774 antea

73 814 234 880 Oenotria
268 818 490 901 cognominata
525 819 593 893 est).
632 818 671 880 11
707 815 772 894 (64)
803 817 877 900 quia
900 815 977 879 nihil
1000 815 1194 880 continendo
1218 824 1250 880 et

71 920 263 985 sustinendo
286 921 406 986 homini
430 931 633 1009 prospectum
654 929 729 1007 post
751 923 916 987 hominem
932 923 1036 1007 potuit
1051 921 1206 992 interriti.
1220 945 1247 987 e.

72 1036 243 1112 postquam
278 1027 373 1093 homo
407 1037 500 1093 natus
535 1034 603 1104 est).
637 1031 677 1092 22
713 1029 800 1107 (140)
843 1027 992 1093 Laedunt
1027 1031 1111 1092 enim
1134 1031 1247 1114 prim0‚

28 1140 37 1159 “
70 1133 192 1198 dehinc
221 1133 362 1199 remedia
385 1138 584 1221 praecipiunt
606 1135 649 1200 ad
670 1136 857 1200 miracrdum
879 1157 964 1198 nova
987 1136 1056 1200 sive
1079 1139 1248 1214 contraria,

70 1247 148 1323 post
170 1263 253 1324 quoe
275 1243 307 1319 (ἰ.
332 1264 359 1306 e.
384 1251 553 1327 postquam
576 1265 615 1307 ea
637 1242 879 1328 praeceperunt)
895 1240 1046 1305 desinunt
1062 1240 1198 1318 laedere,
1217 1250 1248 1306 et

69 1361 204 1412 curasse
239 1347 420 1413 creduntur.
456 1349 499 1413 25
534 1350 621 1424 (163)
651 1370 724 1412 cnm
748 1353 825 1432 post
847 1347 1027 1430 inopertam
1042 1349 1119 1412 sive
1142 1348 1248 1413 adhuc

61 1476 207 1538 regnum
237 1454 347 1539 religio
370 1455 541 1541 profecerit
564 1456 594 1532 (i.
620 1478 647 1519 e.
672 1462 840 1540 postquam
863 1455 1031 1538 imperium
1053 1453 1179 1530 floruit).
1206 1457 1248 1518 30
1327 1469 1329 1473 ·

69 1559 164 1636 (175)
197 1567 271 1644 post
303 1563 416 1626 ootnio
450 1563 706 1642 inquinamento
729 1563 824 1625 etiam
847 1563 1077 1625 conscientiam
1100 1583 1248 1646 spurcam

67 1689 118 1731 sc.
145 1666 244 1732 offero
267 1670 298 1745 (ἱ.
324 1691 351 1732 e.
375 1677 545 1754 postquam
568 1671 674 1733 omnia
696 1670 934 1752 inquinamenta
957 1667 1078 1742 obtuli).
1104 1669 1145 1732 35
1159 1669 1246 1745 (187)

68 1773 142 1839 Sed
158 1782 199 1860 et
219 1778 273 1859 qui
296 1797 381 1840 nunc
397 1777 602 1840 scelestarum
619 1753 756 1861 partium
772 1776 851 1838 socii
867 1781 923 1838 aut
938 1774 1101 1858 plausores
1129 1774 1247 1839 cotidie

70 1883 267 1960 revelantur,
298 1889 374 1966 post
405 1884 606 1947 eruderatione
629 1880 857 1968 parricidarum
879 1883 1051 1945 racematio
1075 1890 1246 1967 superstes,
1309 1935 1311 1938 .

65 1992 113 2054 35
140 1990 228 2066 (189)
252 1987 313 2053 Cui
336 1997 440 2053 autem
465 2011 545 2073 opus
569 1996 618 2053 est
639 1989 830 2074 perscrutari
854 2010 949 2073 super
972 1987 1119 2052 Caesaris
1136 1988 1246 2067 salute,

68 2098 135 2160 nisi
171 2119 191 2160 a
224 2118 288 2180 quo
323 2095 443 2180 aliquid
477 2094 631 2161 adversus
667 2094 753 2158 illam
776 2096 932 2178 cogitatur
955 2095 1008 2157 vel
1031 2101 1168 2179 optatur,
1193 2102 1248 2158 aut

62 2207 145 2286 poet
168 2203 261 2266 illum
285 2208 431 2286 speratur
453 2208 485 2274 et
508 2203 701 2265 sustinetur?
726 2201 767 2264 39
786 2197 875 2281 (208)
893 2201 971 2267 Post
987 2221 1110 2284 nequent
1125 2222 1246 2265 mortn-

63 2312 157 2374 ulem
179 2315 210 2373 et
234 2308 373 2385 lumino,
398 2315 433 2370 ut
456 2309 590 2392 quisque
613 2307 654 2371 de
675 2309 840 2392 scripturis
857 2309 975 2371 sanctis
992 2307 1045 2372 vel
1061 2307 1101 2372 de
1117 2311 1246 2394 proprio

65 2417 202 2502 ingenio
236 2423 352 2500 potest,
388 2400 584 2499 provocatur
603 2416 637 2478 in
659 2413 799 2478 medium
823 2413 883 2477 deo
907 2436 1021 2478 canere
1046 2412 1078 2495 (ἰ.
1104 2437 1138 2478 e.·
1157 2424 1246 2500 post·
1316 2462 1321 2471 -

63 2546 170 2609 quam
197 2543 310 2585 manus
333 2542 416 2605 aqua
438 2521 585 2584 laverrmt
610 2528 642 2586 et
665 2522 784 2584 lumina
806 2543 942 2584 accensa
965 2519 1061 2602 sunt).
1087 2523 1130 2584 42
1156 2519 1245 2602 (222)

65 2632 226 2694 Attamen
261 2627 350 2690 lavor
381 2626 517 2690 honesta
539 2627 617 2691 hora
640 2635 673 2691 et
696 2626 824 2704 salubri,
849 2627 1031 2711 quaemihi
1055 2629 1248 2692 etcalorem

63 2745 100 2802 ct
136 2715 324 2820 sangninem
348 2740 471 2810 servet3
496 2735 597 2818 rigere
625 2740 657 2797 et
679 2733 797 2818 pallere
816 2739 893 2818 post
915 2734 1078 2799 lavacrum
1102 2742 1246 2798 mortuus

65 2865 205 2929 possum
225 2842 246 2904 ¹.

114 2951 197 3014 Post
232 2949 425 3034 praepositio
455 2946 497 3011 ad
528 2947 798 3031 comparationem
820 2945 1024 3011 indicandam
1048 2956 1080 3011 et
1103 2943 1247 3012 ordinem

62 3056 185 3144 codem
211 3076 317 3131 seusu,
341 3075 404 3138 quo
427 3054 617 3129 recaredum,
640 3059 793 3137 usurpata
808 3051 894 3138 apud
910 3051 1094 3118 Sallustium
1111 3057 1247 3139 primum

63 3164 235 3227 invenitur
258 3182 363 3244 neque
386 3158 471 3245 apud
495 3160 679 3244 posterioris
704 3161 817 3222 aetatis
841 3161 1013 3245 scriptores
1035 3161 1143 3224 multis
1167 3162 1245 3226 locis

61 3271 188 3356 legitur
212 3263 267 3348 (cf.
291 3265 428 3330 Kiihner
449 3264 495 3329 H.
519 3288 573 3351 pg,
598 3266 662 3329 390
686 3263 728 3347 c.)
754 3267 797 3328 30
817 3263 906 3347 (173)
923 3264 1072 3330 Sentinnt
1088 3290 1160 3331 eum
1176 3290 1245 3332 esse

60 3377 170 3441 deum
192 3373 294 3437 solum
316 3374 353 3435 in
373 3373 462 3436 cuius
486 3379 644 3457 potestate
668 3380 751 3449 sunt,
777 3393 795 3434 a
819 3394 882 3455 quo
904 3371 1046 3451 secundi,
1059 3380 1134 3458 post
1150 3397 1245 3457 queem

61 3482 176 3569 primi.
202 3517 243 3526 —
818 3501 821 3506 '

110 3589 204 3652 Ante
238 3587 448 3673 praepositiu
477 3583 518 3649 de
547 3583 658 3649 ordine
688 3583 784 3662 diota,
821 3606 1013 3669 quamquam
1047 3584 1244 3670 frequentius

23 3787 30 3796 .
104 3743 115 3770 ¹
146 3743 183 3797 ci.
211 3742 247 3796 ud
274 3741 352 3796 Natt.
381 3741 420 3796 ΙΙ.
452 3741 501 3794 12;
530 3747 595 3792 rrum
622 3744 684 3808 post
712 3739 844 3809 plurimas
868 3745 953 3793 terres
971 3744 999 3793 et
1016 3739 1110 3794 Attica
1127 3740 1246 3810 hospitia

58 3833 167 3888 Italiae
187 3861 221 3871 -
240 3830 362 3886 consedit
381 3829 410 3898 (i.
428 3847 451 3884 e.
473 3834 619 3900 postquam
638 3827 770 3897 plurimas
788 3833 873 3882 terras
892 3827 981 3897 vidit).
1001 3859 1035 3867 —
1054 3829 1089 3883 ad
1107 3830 1186 3883 Natt.
1206 3830 1245 3884 Il.

59 3925 115 3979 17:
136 3937 205 3975 narn
223 3926 287 3991 post
303 3935 443 3974 summum
462 3918 607 3988 imperium
625 3917 713 3973 auctis
731 3918 787 3970 iam
805 3916 885 3972 rebus
904 3918 1060 3988 superstitio
1079 3917 1170 3973 floruit
1184 3918 1245 3986 (ie.

58 4017 217 4083 postquam
235 4008 272 4064 ad
289 4025 426 4063 summam
444 4005 567 4078 pervenit
584 4004 794 4075 amplitudinem
812 4006 977 4077 imperium).
996 4037 1031 4045 -
