2788 4500
726 217 776 280 54·

158 412 338 477 ohanalium
360 412 452 476 liniis
476 434 535 490 neo
560 413 692 475 mortuis
716 418 851 497 pareunt
875 409 1075 488 Christianis
1100 413 1177 494 quin
1200 410 1264 474 illos
1283 413 1309 474 de

157 521 266 605 requie
290 519 481 604 sepulturae,
505 521 542 583 da
559 519 654 602 'asylo
678 517 817 602 quodam
839 519 960 595 mortis,
984 519 1047 581 iam
1070 518 1158 596 alios
1184 519 1245 581 iam
1264 539 1311 580 neo

157 634 242 692 totos
276 625 425 704 avellant,
452 624 633 704 dissecent,
666 624 853 691 distrahant.
879 621 1167 705 aalaootuiam
1192 623 1310 709 siquod

158 755 250 800 areae
272 755 372 816 genus
396 740 454 811 est,
479 755 542 796 non
565 734 603 796 de
626 734 769 796 oneraria
792 754 914 796 summa
938 732 1028 815 quasi
1055 731 1238 816 redemptae
1255 731 1312 794 reli·

156 842 260 924 gionis
284 847 502 923 congregatur.
527 836 678 920 41,(219)
701 839 826 923 Atquin
849 860 907 902 nos
932 838 1018 902 nullo
1042 837 1138 902 modo
1153 837 1313 902 laedimur:
1337 871 1338 926 p

158 947 312 1031 imprimis
335 947 410 1029 quia
432 945 510 1010 nihil
533 953 643 1008 nostra
665 945 764 1009 refert
786 947 819 1008 in
841 945 903 1009 hoo
927 967 1008 1008 aevo
1034 946 1096 1007 nisi
1119 945 1155 1008 de
1180 966 1217 1008 eo
1237 967 1313 1028 quan
1337 929 1338 1024 )

158 1045 303 1119 celeriter
325 1050 488 1116 excedere.
513 1052 555 1115 42
581 1048 671 1133 (222)
695 1060 834 1117 attamen
860 1050 975 1115 ubido
998 1053 1101 1136 copiis
1127 1054 1189 1114 tuis
1218 1074 1338 1128 coenni

158 1161 201 1222 42
237 1156 327 1240 (223)
358 1157 557 1244 Spectaculis
581 1181 645 1223 non
669 1161 891 1234 convenimus3
916 1180 997 1243 quae
1021 1166 1128 1221 tamen
1151 1157 1238 1242 apud
1260 1131 1338 1220 illosl

158 1274 267 1330 coetus
302 1264 507 1329 venditantur
541 1268 568 1328 si
603 1264 837 1344 desideravero,
873 1264 1002 1328 liberius
1033 1265 1070 1327 de
1093 1265 1230 1349 propriis
1254 1263 1315 1327 locis

158 1394 289 1436 sumam.
325 1373 368 1436 43
404 1369 494 1453 (226)
525 1372 646 1449 Quanti
668 1371 803 1453 habetis,
828 1393 890 1436 non
916 1371 988 1435 dioo
1013 1373 1068 1455 qui
1091 1373 1154 1434 iam
1177 1372 1215 1433 de
1238 1369 1338 1434 vobis³

159 1477 330 1542 daemonia.
360 1481 532 1543 excutiant.
567 1480 609 1542 47
646 1475 736 1560 (242)
772 1479 855 1556 Quis
891 1486 939 1542 est
969 1479 1024 1562 qui
1055 1493 1120 1541 nou
1143 1480 1271 1540 omnino
1290 1478 1316 1539 cle

159 1585 385 1671 prophetarum
424 1584 514 1649 fonte
556 1587 733 1670 potaverit?
773 1583 855 1649 lnde
895 1586 991 1668 igitur
1028 1583 1212 1668 philosophi
1249 1586 1315 1646 sitin

160 1693 278 1775 ingenii
301 1693 350 1754 sui
373 1693 567 1774 rigaverunt,
592 1699 627 1754 ut
650 1714 731 1775 quae
754 1693 791 1755 de
814 1693 930 1755 nostris
955 1690 1082 1769 habent,
1108 1713 1146 1754 ea
1168 1713 1229 1754 nos
1247 1713 1315 1754 oon·

160 1805 272 1884 parent
304 1798 381 1861 illis..
400 1798 442 1862 47
456 1794 558 1879 (247)
583 1797 701 1862 Omnia
724 1797 877 1863 adversus
902 1793 1070 1862 veritatem
1092 1798 1129 1860 de
1152 1799 1225 1882 ipsa
1249 1798 1317 1860 veri·

161 1912 226 1968 tate
250 1911 433 1968 oo'nstruota
456 1912 538 1968 sunt.
563 1906 605 1968 48
631 1902 721 1987 (250)
738 1893 784 1968 At
800 1907 883 1969 enim
900 1903 1099 1968 Christianus
1117 1907 1142 1966 si
1156 1905 1193 1967 de
1206 1904 1318 1967 homine
1337 1931 1338 1992 p

161 2010 322 2074 hominem
356 2013 522 2096 ipsumque
557 2013 594 2076 de
620 2011 711 2076 'Gaio
742 2011 859 2076 Gaium
881 2010 1032 2075 reducem
1054 2013 1266 2096 repromittat.
1288 2009 1319 2070 43

162 2114 252 2198 (253)
277 2115 343 2180 Our
365 2139 429 2180 non
452 2120 556 2203 possis
581 2140 653 2182 esse
675 2141 785 2182 rursus
809 2120 846 2182 de
868 2117 968 2181 nihilo
996 2117 1140 2182 eiusdem
1162 2119 1264 2202 ipsius
1281 2137 1320 2178 au·

162 2225 259 2288 etoris
282 2223 446 2287 voluntate
462 2227 517 2307 qui
542 2233 574 2288 te
598 2226 701 2289 voluit
723 2212 794 2290 esse
813 2227 854 2289 'de
877 2224 987 2290 nihilo.
1011 2225 1054 2287 48
1080 2220 1170 2305 (253)
1195 2222 1323 2287 Dubita-

163 2331 258 2407 bitur,
289 2329 396 2408 oredo,
420 2329 460 2394 de
484 2330 536 2394 dei
559 2331 691 2409 viribus
716 2333 917 2416 quitantiam
941 2352 1056 2415 eorpus
1081 2329 1142 2394 hoo
1165 2329 1279 2392 mundi
1299 2328 1338 2389 de.

166 2459 203 2501 eo
237 2435 324 2520 quod
357 2459 421 2500 non
455 2436 561 2500 iuerat
583 2459 647 2501 non
670 2440 773 2501 minus
798 2460 894 2522 quam
916 2439 953 2501 de
973 2439 1078 2500 fflerte
1102 2438 1282 2500 vacationis
1305 2443 1325 2494 el

165 2546 327 2608 inanitatis
362 2544 421 2608 sibi
456 2546 571 2630 posuit.
607 2544 649 2606 43
675 2540 764 2624 (255)
789 2543 841 2608 vel
863 2545 900 2607 de
923 2543 1015 2607 titulo
1039 2542 1174 2626 Pythiae
1199 2542 1326 2606 discens.

166 2651 186 2714 4
211 2647 301 2730 (258)
324 2649 377 2714 Ita
399 2650 491 2733 longe
514 2649 593 2713 alius
618 2657 667 2712 est
690 2651 744 2733 qui
767 2651 839 2712 usui
860 2649 1008 2728 humano,
1026 2649 1107 2713 alius
1135 2651 1189 2732 qui
1220 2647 1326 2711 iudioio

167 2756 220 2821 dei
243 2763 384 2843 apparet,
409 2759 477 2821 sive
500 2757 537 2819 de
560 2756 649 2820 caelo
671 2755 806 2820 fulmina
829 2758 997 2840 stringens,
1024 2757 1093 2820 sive
1116 2757 1154 2818 de
1176 2763 1267 2818 terra
1288 2773 1330 2838 per

168 2864 305 2926 vertioes
328 2865 483 2926 montium
507 2869 664 2926 eruotans.

217 3392 409 3479 Saepissime
443 3395 538 3456 etiam
573 3395 610 3457 de
641 3396 836 3479 praepositio
868 3396 914 3458 ita
943 3394 1086 3459 adhibita
1109 3397 1290 3470 invenitur,
1312 3395 1332 3452 ll

172 3501 332 3584 oripiaem
365 3501 537 3584 siginificat,
562 3501 649 3564 ande
672 3501 800 3583 aliquid
820 3501 865 3564 stt
888 3503 1108 3584 repetendum,
1132 3502 1182 3564 ool
1203 3522 1293 3576 rem,
1313 3496 1331 3559 l»

174 3629 241 3690 qua
273 3607 401 3690 aliquid
433 3627 553 3670 nomen
575 3607 698 3683 tabeat,
722 3608 773 3669 uel
794 3627 929 3670 oausam
952 3629 1018 3690 qua
1041 3607 1170 3690 aliquid
1191 3606 1272 3688 fiat.
1298 3599 1333 3667 ld

174 3714 256 3777 hano
288 3720 411 3798 partem
433 3713 531 3776 multa
554 3735 680 3796 quoque
704 3712 857 3797 exempla,
883 3734 963 3796 quae
988 3735 1084 3798 supra
1106 3711 1240 3776 laudata
1270 3726 1336 3776 siml

175 3820 333 3904 pertinere
367 3819 584 3900 unusquisque
619 3817 713 3882 iaoile
748 3817 845 3882 videt.
882 3818 924 3882 of.
963 3821 991 3892 l.
1029 3816 1085 3899 (6).
1118 3819 1171 3882 Ex
1193 3817 1251 3881 his
1278 3819 1336 3881 fim

177 3922 360 3998 Christiani,
383 3924 492 4004 utique
515 3924 552 3985 de
575 3929 733 4004 comperto
758 3919 789 4002 (ί.
815 3945 842 3987 e.
867 3931 903 3985 ut
926 3926 1070 4007 quirem
1093 3925 1236 3988 habeant
1268 3946 1330 3990 eon

178 4025 323 4110 partam),
359 4034 390 4089 et
424 4028 580 4110 incipiunt
602 4025 717 4103 odisse,
751 4027 837 4110 quod
860 4028 994 4092 fuerant.
1022 4031 1039 4092 1
1065 4027 1133 4111 (18)
1156 4029 1204 4094 Ut
1231 4051 1328 4096 nome
