2808 4492
88 466 286 527 contrarium
309 462 452 526 futurum
473 433 595 525 fuisse':
618 462 723 544 magia
742 462 826 523 enim
837 485 947 526 manes
960 473 1075 527 evocat
1087 487 1125 528 ex
1142 465 1264 545 inferis,

85 571 249 634 sublimat
272 592 392 647 manea,
417 591 485 632 non
508 569 654 650 infirmi,
678 569 698 634 i.
724 588 751 630 e.
775 569 819 630 ad
839 569 965 651 inferos
989 572 1141 649 demittit,
1156 573 1265 656 depri-

85 679 159 740 mit.
186 676 241 740 Cf.
266 676 373 740 locum
395 675 513 762 Apulei
537 675 671 760 abipso
695 673 862 738 Wolfflino
887 676 1031 740 allatum:
1060 699 1191 754 „manes
1213 701 1265 742 sa-

0 793 1 832 l
85 784 236 860 hlimare,
269 785 342 848 deos
371 781 557 865 infindens
586 815 626 823 -
652 779 919 846 0111111111.
945 784 964 846 5
990 781 1080 864 (283)
1106 784 1265 849 seducunt

0 897 1 900 ’
84 911 206 953 nomen
230 889 440 975 professionis
465 890 660 975 praestantia
683 889 737 972 qui
753 888 919 972 superficie
934 889 1081 953 vocabuli
1093 891 1265 975 infamant

85 998 269 1060 veritatem.
292 995 338 1059 Π.
365 997 382 1058 7
410 993 500 1077 (352)
524 995 611 1060 Ecce
637 1016 693 1059 vos
718 1016 790 1057 cum
806 991 918 1058 eadem
933 996 1062 1059 licentia
1078 1019 1265 1083 praesump-

83 1105 185 1166 tionis
212 1102 388 1188 sepulchris
411 1125 522 1187 regum
545 1111 724 1166 vestrorum
747 1101 870 1164 caelum
892 1101 1079 1183 infamatio,
1104 1125 1174 1186 sqq.

129 1207 309 1289 Inflgere
332 1234 374 1261 =
398 1210 594 1292 confirmare
617 1209 659 1271 48
685 1205 775 1288 (249)
799 1207 915 1271 Nonne
939 1229 1130 1271 consensum
1153 1231 1264 1275 move·

83 1316 134 1379 bit
157 1323 194 1404 et
215 1315 312 1379 fidem
333 1316 450 1398 infipct
472 1317 567 1379 etiam
591 1315 631 1378 ab
647 1313 835 1379 animalibus
849 1313 1053 1378 abstinendi?
1078 1313 1130 1378 Cf.
1149 1337 1263 1402 supra:

83 1425 200 1507 ficere.
236 1422 319 1486 Plin.
344 1445 393 1508 ep.
422 1424 449 1486 1.
475 1423 528 1485 29.
554 1423 590 1498 2;
617 1423 644 1484 1.
671 1422 723 1484 20.
751 1422 810 1496 18;
835 1420 966 1497 Quinct.
993 1422 1023 1484 9.
1048 1423 1078 1486 4.
1107 1423 1184 1499 134;
1212 1423 1262 1488 11.

84 1531 117 1592 3.
159 1529 244 1604 111;
281 1529 311 1592 9.
344 1530 374 1591 2.
400 1529 457 1604 26;
482 1528 589 1590 Amm.
615 1528 667 1591 27.
693 1529 730 1602 3;
753 1527 831 1590 Tac.
855 1527 898 1588 A.
926 1528 976 1592 15.
1002 1528 1037 1590 5:
1062 1528 1192 1591 infixum
1216 1539 1264 1593 est

84 1633 173 1706 mihi
191 1657 234 1686 =
258 1640 379 1696 certum
403 1641 452 1696 est
474 1632 561 1709 mihi,
587 1641 650 1696 stat
671 1632 749 1695 mihi
773 1629 966 1713 (sententia).
1318 1715 1320 1720 Ι

129 1737 373 1808 Ιῐιῇθηᾱότθ
407 1763 465 1826 pro
494 1738 715 1822 „infrendere”
755 1741 794 1802 12
820 1736 887 1820 (71)
917 1739 947 1803 O
972 1741 1088 1825 impiae
1111 1750 1220 1818 roceo,
1245 1765 1263 1806 o

85 1848 249 1931 sacrilega
271 1849 435 1912 convicia!
459 1847 648 1930 infrendite,
674 1847 870 1930 inspumate!
896 1845 938 1909 01.
964 1845 1066 1930 Verg.
1091 1849 1133 1911 A.
1148 1849 1178 1911 3.
1200 1849 1264 1912 664

84 1954 243 2020 dentibus
267 1952 467 2038 infrendere3
491 1955 600 2020 Amm.
631 1955 677 2017 16.
705 1955 767 2029 12;
795 1953 846 2015 12.
874 1953 924 2016 11.

0 2107 1 2140 r
128 2058 362 2151 Ipfringere
385 2086 427 2113 =
450 2060 617 2124 debilitare
641 2061 682 2123 35
708 2055 797 2148 (183)
824 2057 890 2122 (lur
905 2059 957 2123 die
974 2060 1057 2123 laeto
1069 2083 1131 2124 non
1146 2061 1261 2125 laureis

81 2177 199 2256 postes
224 2157 449 2230 obumbramus
473 2189 532 2230 nec
556 2167 695 2230 lucernis
720 2165 806 2229 diem
828 2165 1077 2249 infrinpirnns?

125 2272 379 2340 Inhonora're
404 2296 467 2336 vox
490 2282 540 2337 est
562 2273 758 2337 Tertulliano
782 2279 814 2335 et
825 2273 985 2336 nonnullis
1002 2274 1081 2337 locis
1094 2276 1260 2359 reperitur,

79 2383 174 2447 idem
198 2381 379 2465 significans
404 2379 508 2464 quod:
532 2401 600 2442 non
624 2380 792 2456 bonorare,
814 2380 933 2442 bonore
954 2380 1097 2462 privare.
1125 2382 1165 2444 13
1190 2377 1260 2462 (75)

80 2491 203 2574 legitur
236 2489 269 2550 in
304 2486 414 2551 Fuld.:
450 2486 527 2570 quid
562 2487 690 2549 omnino
725 2485 766 2548 ad
788 2485 1034 2548 inhonorandas
1058 2509 1112 2550 eos
1137 2485 1264 2562 facitis3

82 2594 261 2671 (Oehlerus
285 2592 393 2658 dedit:
417 2595 461 2656 ad
483 2594 688 2657 honorandos
715 2589 789 2671 eoa.)
819 2591 871 2655 Of.
885 2590 976 2656 Hier.
991 2591 1081 2675 Orig.
1096 2592 1258 2657 inderem.

79 2703 171 2767 hom.
207 2701 236 2763 9.
263 2700 323 2764 col.
350 2701 431 2766 832:
458 2699 617 2784 quomodo
641 2707 747 2763 castus
771 2697 935 2782 glorificet,
960 2698 1140 2762 luxuriosus
1164 2700 1260 2764 inlic-

1 2797 2 2850 )
79 2813 178 2873 rioret
200 2807 318 2883 Deum.
344 2841 384 2901 ᾗ
409 2805 498 2872 Vide
523 2805 560 2870 C.
585 2805 741 2869 Paucker.
766 2804 800 2867 Z.
826 2803 850 2866 f.
875 2786 943 2866 list.
970 2802 1087 2887 Gymn.
1116 2806 1200 2869 1875
1226 2829 1258 2890 p.

0 2933 1 2956 ¹
84 2916 162 2978 173.
184 2913 332 2977 Rbnsch:
356 2912 383 2977 I.
407 2936 438 2976 u.
463 2912 509 2977 V.
534 2936 566 2997 p.
593 2913 665 2976 194.

1 3023 2 3034 ’
127 3016 299 3084 Iniicere
322 3043 365 3072 =
389 3040 557 3103 opponere,
582 3019 716 3081 obiicere
740 3018 782 3079 23
807 3012 896 3097 (146)
921 3015 1010 3093 Quid
1034 3024 1140 3081 autem
1163 3018 1261 3082 iniici

79 3133 194 3213 potest
216 3125 371 3190 adversus
395 3125 428 3188 id
452 3124 537 3209 quod
561 3124 740 3188 ostenditur
762 3123 848 3187 n'uda
875 3125 1080 3187 sinceritate?

127 3229 237 3296 Inire
261 3232 401 3296 breviter
423 3231 544 3295 dietum
567 3253 643 3322 prop:
667 3231 829 3293 rationem
851 3229 938 3293 inire
962 3232 1003 3293 42
1030 3227 1119 3310 (224)
1145 3228 1180 3293 Si
1192 3231 1259 3294 ine·

79 3346 166 3405 adar
188 3347 341 3422 quantum
364 3337 573 3420 vectigalibus
598 3343 707 3421 pereat
731 3335 843 3400 fraude
860 3343 891 3399 ct
903 3336 1070 3401 mendacio
1082 3344 1260 3400 vestrarum

79 3445 333 3534 professionum.

127 3549 354 3615 Inoleseere
377 3557 548 3635 usurpatur
570 3548 699 3612 insolita
721 3550 842 3611 ratione
867 3548 909 3610 40
935 3545 1025 3629 (214)
1043 3548 1159 3612 dehinc
1173 3549 1258 3633 quod

77 3682 148 3724 non
173 3655 363 3742 inquirendo
387 3658 587 3720 innocentiae
611 3658 796 3740 magistrum
819 3661 851 3716 et
873 3656 1041 3718 nocentiae
1054 3654 1203 3722 ,iudicem
1227 3666 1260 3718 et

77 3771 267 3831 exactorem
279 3762 425 3827 omnibus
440 3765 525 3826 vitiis
539 3771 571 3826 et
583 3761 766 3826 criminibus
779 3760 922 3824 inolevit.
948 3759 1000 3824 Cf.
1026 3760 1066 3824 de
1080 3761 1142 3825 hoc
1158 3761 1257 3826 verbo

76 3871 187 3954 Verg.
213 3868 329 3954 Georg.
356 3871 386 3932 2.
412 3868 471 3933 771
501 3868 581 3945 „huc
605 3869 708 3932 aliena
733 3890 771 3931 ex
795 3865 907 3930 arbore
930 3889 1060 3950 germen
1083 3866 1262 3932 Ineludunt

76 3977 212 4059 udoque
235 3975 354 4040 docent
377 3974 551 4038 inolescere
575 3973 685 4039 libro.”
713 3972 769 4037 Sil.
795 3974 825 4037 8.
851 3974 932 4050 583;
957 3973 1081 4037 Auson.
1106 3967 1257 4059 ep.'141;
1317 3997 1318 4002 ¹

5 4120 28 4172 ‚
75 4083 168 4150 aen.
195 4083 244 4146 12.
270 4084 300 4145 5.
327 4081 366 4156 7;
390 4080 536 4144 Macra.
564 4079 629 4144 sa.
656 4083 685 4144 5.
715 4082 765 4143 11.

1125 4168 1241 4248 10Ι
