2808 4492
703 236 745 298 98

137 428 292 494 adversus
316 431 456 493 omnium
479 431 646 492 criminum
668 429 928 508 intentationem,
953 451 1034 514 quae
1056 428 1310 495 Christianorum

138 537 325 619 sanguinem
347 535 477 619 flagitat.
500 533 763 615 (intentationem
778 536 898 599 ADEi.
915 536 1037 600 Erfurt.
1054 536 1161 602 Oxou.
1179 535 1313 600 Pamelii

138 642 220 706 libri.
244 643 537 725 intemptntionnne
559 642 709 720 Ambros,
733 644 949 707 intentionem
966 639 1211 724 (BJFGtabode.
1226 641 1312 708 Vin·

138 747 213 812 dob.
241 749 730 834 Transpressio=peccatum1
760 746 849 831 6(37)
876 751 909 813 in
933 773 996 834 quo
1020 747 1147 835 (nempe
1164 772 1212 825 eo,
1227 749 1313 833 quod

139 877 158 918 a
193 854 336 939 patribus
370 853 535 934 traditum)
573 856 790 941 principaliter
812 878 883 919 reos
909 857 1185 946 transpressionis
1202 855 1315 920 Chris-

138 964 243 1026 tianos
267 961 495 1036 destinastis,2

535 1388 602 1455 DE
626 1385 919 1455 ADIEG'I'IVO.

181 1629 286 1716 Supra
320 1631 385 1694 iam
414 1629 564 1707 vidimuS,
587 1631 619 1691 in
644 1627 802 1714 capitibus
827 1627 867 1692 de
892 1628 1019 1692 casibus
1044 1636 1075 1691 et
1098 1630 1312 1713 praepositio·
1389 1671 1390 1716 ss

134 1737 241 1816 nibus,
267 1736 365 1800 multa
388 1739 421 1800 in
444 1736 506 1800 hcc
529 1735 717 1799 Tertulliani
740 1757 835 1820 opere
859 1734 1019 1798 adiectiva
1041 1737 1314 1798 constructionem

138 1845 266 1920 habore,
302 1866 321 1907 a
343 1844 481 1906 melioris
511 1843 623 1905 aetatis
647 1839 855 1926 scriptoribus
880 1841 1124 1915 alienissimam
1150 1848 1315 1926 praeterea

138 1951 218 2016 haec
254 1971 380 2035 quoque
416 1950 592 2034 proprietas
627 1946 714 2023 mihi,
751 1946 998 2032 Apologeticum
1031 1949 1254 2030 perscrutanti,
1280 1969 1314 2010 se

138 2057 264 2136 obtulit,
301 2078 382 2141 quae
410 2055 471 2118 hcc
505 2055 576 2118 loco
613 2052 891 2117 commemoranda
925 2060 982 2143 est.
1023 2051 1140 2121 Tribus
1165 2055 1198 2115 in
1222 2053 1315 2138 Apo·

140 2163 277 2247 logetico
313 2163 392 2225 locis
422 2161 618 2224 adieetionrn
640 2160 793 2224 nontrins
813 2158 942 2244 penoris
964 2158 1003 2221 in
1026 2178 1164 2222 numero
1183 2159 1317 2242 plurali

140 2269 355 2332 eoninnotnrn
389 2267 579 2330 inoeninnrs
614 2287 690 2330 enni
719 2265 923 2328 substantivo
946 2265 984 2328 in
1013 2263 1166 2328 Genetioo
1190 2262 1315 2328 ensn.³

184 2373 309 2458 Lingua
333 2370 458 2437 Graeca
481 2371 534 2435 hic
557 2393 633 2435 usus
647 2371 798 2456 explicari
811 2377 935 2456 potest3
951 2370 994 2434 cf.
1009 2371 1152 2434 Kettner.
1166 2369 1315 2456 Spraohl.

139 2481 268 2564 Eigent.
292 2478 380 2543 Tert.
405 2485 436 2542 et
459 2477 687 2541 Ktnssnrnnn:
711 2475 815 2542 Curae
837 2476 1071 2540 Tertullianeae
1095 2474 1239 2562 pg.67.)

189 2585 298 2649 Cetera
330 2584 475 2648 rumoris
507 2579 596 2664 7(42)
620 2582 748 2670 Exinde
771 2585 805 2646 in
827 2581 976 2648 traduces
1000 2584 1178 2668 linguarum
1201 2591 1233 2647 et
1257 2606 1317 2647 au-

139 2695 223 2756 rium
256 2692 364 2776 serpit,
390 2698 422 2755 et
444 2692 489 2754 ita
511 2689 630 2754 modici
654 2691 783 2755 seminis
808 2691 921 2753 vitium
944 2695 1047 2754 octeni
1070 2691 1215 2754 rnrnoris
1238 2690 1319 2754 obs-

180 2901 189 2927 ¹
215 2901 251 2955 ad
269 2901 335 2955 Nat.
360 2901 382 2954 Ι.
404 2901 437 2955 10
456 2900 529 2968 (299)
547 2900 601 2954 Vel
619 2917 674 2969 qno
692 2899 812 2952 maximo
831 2915 889 2952 reos
908 2916 957 2953 nos
977 2899 1202 2967 transmissionis
1219 2907 1319 2970 postu·
1389 2909 1390 2914 ’

137 2991 210 3044 latis.
233 2990 341 3043 (ioelaer
359 2988 436 3042 latin.
455 2987 489 3042 de
508 2987 548 3043 st.
567 2987 625 3042 Jsr.
644 3005 670 3057 p.
691 2987 751 3040 236.

178 3077 188 3104 ¹
215 3079 281 3132 Huc
311 3077 413 3131 addam
440 3077 561 3146 quinque
588 3075 722 3130 vocabula
749 3093 784 3129 ex
811 3074 887 3129 libris
918 3075 954 3129 ad
981 3075 1123 3141 Nationes,
1148 3094 1217 3146 quae
1245 3078 1320 3132 mihi

138 3167 316 3222 annotatione
334 3166 400 3218 satis
411 3164 495 3234 digna
513 3164 652 3230 videntum
673 3166 714 3219 1·.
734 3164 865 3232 [impactio
884 3185 917 3210 =
935 3169 1103 3234 conspectus,
1124 3165 1322 3236 adspectusad

138 3257 204 3310 Nat.
223 3256 247 3309 Ι.
267 3255 301 3309 20
321 3252 394 3322 (332)
413 3253 509 3307 erroris
528 3253 669 3322 inspectio
688 3253 730 3307 2⁰.
750 3252 854 3306 Positio
873 3275 906 3298 =
924 3258 1020 3317 status,
1039 3258 1140 3307 natura
1158 3253 1194 3307 ad
1211 3253 1282 3309 Nat.
1292 3255 1320 3310 I.

138 3347 153 3398 7
183 3345 255 3409 (292)
282 3343 348 3397 satis
376 3342 449 3396 enim
476 3345 517 3395 est
546 3340 625 3396 nobis
652 3342 711 3395 sola
740 3341 854 3395 veritate
881 3359 898 3395 a
925 3347 1014 3395 vestra
1035 3342 1170 3410 positione
1187 3341 1320 3398 discerni.

137 3431 180 3488 3⁰.
200 3431 384 3500 Praescriptio
404 3453 436 3477 =
454 3430 506 3494 lex,
526 3436 712 3500 praeceptum,
730 3429 765 3483 ad
784 3429 849 3483 Nat.
869 3430 893 3484 1.
914 3431 947 3484 12
965 3430 1040 3498 (312)
1060 3431 1323 3505 necdiutiussuper

138 3522 202 3575 isto'
219 3519 468 3590 argumentandum
495 3524 542 3583 est,
571 3518 682 3588 quando
708 3517 827 3571 naturali
851 3519 1066 3588 praescriptione
1094 3537 1174 3574 omne
1201 3524 1322 3578 omnino

137 3627 222 3680 genus
241 3624 353 3663 censum
372 3607 407 3661 ad
426 3607 558 3677 originem
576 3607 665 3660 refert.
684 3607 729 3660 4⁰.
749 3605 894 3671 Successio,
915 3607 951 3660 ad
969 3607 1034 3660 Nat.
1055 3608 1094 3662 II.
1106 3608 1122 3661 2
1133 3608 1206 3677 (338)
1216 3609 1322 3665 Iovem

136 3704 165 3752 ct
187 3698 291 3752 Orcum
321 3702 348 3749 et
366 3701 484 3749 ceteram
501 3695 694 3748 successionem
713 3717 745 3740 =
763 3699 873 3752 ceteros.
893 3696 941 3765 qui
959 3703 1154 3752 successerunt.
1173 3699 1215 3751 5⁰.
1237 3699 1325 3754 Intel-

137 3787 160 3838 te
176 3785 213 3838 tio
242 3785 384 3852 (terruinus
402 3783 552 3837 rhetoricus
570 3782 645 3852 apud
663 3783 752 3837 solum
770 3786 851 3838 Auct.
870 3784 906 3837 ad
924 3785 1004 3852 Her.)
1023 3802 1073 3856 pro
1094 3786 1321 3856 „interpretatio”

138 3873 165 3925 vi
191 3888 250 3925 voc.
278 3871 345 3924 alias
372 3870 482 3924 insolita
504 3869 604 3923 dicitur
622 3871 657 3924 ad
676 3871 742 3924 Nat.
761 3871 800 3925 II.
823 3873 855 3926 12
877 3872 959 3943 ,quid
977 3873 1029 3928 sibi
1048 3874 1107 3928 vult
1125 3875 1325 3944 interpretatio

139 3957 217 4022 istil,
237 3963 299 4012 cett.

181 4043 190 4070 ⁸
209 4045 321 4098 Kitbner
338 4043 378 4122 IJ·
397 4061 423 4112 p.
445 4044 530 4098 174.4.
