2788 4500
608 215 609 220 ’
678 199 736 261 28,

111 428 319 494 Cominianus
355 425 522 510 distinguit
556 424 629 489 duo¹
654 427 821 511 participia
854 426 987 511 passiva
1021 426 1069 488 1⁰.
1089 425 1177 508 part.
1202 422 1280 508 peri.

113 555 198 621 pase.
235 530 385 618 (scriptus
421 554 448 595 e.
485 528 539 615 g),
575 529 623 595 2⁰.
648 539 728 617 part.
758 531 818 595 fut.
843 553 927 617 pass
953 526 1153 610 (scribendus
1177 551 1205 593 e.
1228 525 1280 613 g).

112 639 301 705 Gerundiva
335 659 430 724 posse
464 638 532 701 fieri
565 639 703 716 nomina,
729 639 845 702 amissa
868 637 1020 722 temporis
1044 626 1279 720 significatione,

112 745 279 810 contendit
341 744 542 818 Priscianus;
606 745 650 808 ita
706 745 870 807 amandus
927 742 1103 826 significare
1160 748 1281 826 potest:

111 850 128 906 ὁ
149 851 377 923 φιληθησόμενος
398 852 409 889 ¹
426 847 510 913 Satis
523 849 623 913 multa
634 848 727 913 huius
737 848 971 934 ususexempla
983 843 1110 931 collegit
1121 842 1284 912 Pouclcer:

114 950 265 1038 Spicileg.
288 976 321 1038 p.
347 956 409 1019 187
433 979 465 1018 n.
490 957 548 1031 43;
573 957 628 1039 qui
651 955 736 1020 idem
759 955 799 1019 de
823 963 890 1020 tota
913 978 947 1020 re
970 956 1107 1018 maxima
1129 976 1206 1019 cura
1222 955 1283 1037 egit

113 1059 147 1120 in
170 1057 294 1122 duobus
317 1059 422 1124 libris:
450 1057 494 1123 1⁰.
518 1060 558 1125 de
571 1061 744 1126 Latinitate
757 1063 880 1147 seriptt.
892 1062 966 1125 hist.
978 1061 1063 1144 Aug.
1075 1060 1282 1123 meletemata.

113 1163 240 1248 Dorpat
264 1166 348 1230 1870
372 1188 424 1252 pg.
450 1167 510 1238 85;
537 1165 584 1231 2⁰.
606 1167 646 1232 de
671 1167 844 1232 Latinitate
856 1167 941 1232 beati
953 1167 1152 1250 Hieronymi,
1164 1164 1284 1242 Berlin,

116 1269 201 1332 1880
225 1291 277 1354 pg.
305 1271 366 1335 149
392 1294 461 1356 sqq.
485 1272 537 1336 Ex
560 1272 773 1358 Apologetico
796 1271 875 1338 haec
899 1271 1014 1338 affero:
1029 1273 1068 1335 11
1084 1268 1153 1352 (68)
1167 1278 1285 1355 quanto

111 1374 239 1458 dignius
264 1378 342 1440 istos
365 1376 443 1441 deos
466 1378 517 1442 ille
532 1380 748 1444 adsumendos
761 1386 990 1464 exspectasset,
1003 1379 1166 1464 praescius
1178 1378 1286 1460 utique

114 1483 292 1564 potiorum?
328 1480 451 1564 9‘(55)
486 1482 647 1570 Imprimis
681 1485 762 1548 filios
796 1487 954 1570 exponitis
988 1484 1211 1568 szcsmptemtos
1246 1482 1285 1547 ab

112 1586 220 1670 aliqua
263 1596 484 1672 praetereunte
531 1580 748 1674 misericordia
793 1599 951 1669 extranea,
999 1590 1052 1654 vel
1086 1589 1285 1673 adoptandos

99 1693 296 1770 ¹melioribus
309 1695 493 1780 parentibus
503 1699 721 1782 emancipatis.
735 1698 775 1760 21
792 1693 882 1777 (125)
897 1694 1037 1762 secundo
1051 1692 1109 1775 (sc.
1121 1690 1285 1774 adventu),

91 1802 170 1883 'qui
210 1803 425 1866 concludendo
465 1803 592 1868 saeculo
633 1805 777 1868 imminet
811 1805 844 1866 in
880 1802 1073 1867 sublimitate
1108 1800 1286 1866 divinitatis

112 1913 251 1970 exertae.
278 1940 318 1949 -

593 2165 806 2195 ...Τ-.-

513 2376 580 2442 DE
616 2376 892 2444 GERUNDIO.

158 2598 332 2662 ablativus
361 2599 525 2663 cei-uada?
533 2621 595 2684 pro
609 2599 746 2690 infiniti
749 2621 784 2663 ro
829 2598 955 2664 videtur
966 2599 1119 2682 imprimis
1131 2599 1292 2683 pertinere

112 2702 155 2766 ad
179 2703 278 2768 verba
300 2705 470 2769 desinendi
493 2714 524 2769 et
544 2707 777 2790 perseverandi
800 2702 856 2786 (ef.
881 2728 931 2790 ap.
957 2703 1115 2769 Graecos:
1129 2711 1291 2781 καρτερεῖν,

113 2808 279 2882 ἀνέχεσθαι,
298 2810 425 2882 κάμνειν,
444 2810 646 2884 ἀπαγορεύειν,
666 2809 811 2875 ἐλλείπειν,
834 2813 989 2881 παύεσθαι,
1008 2811 1102 2883 λήγειν
1125 2831 1151 2873 c.
1173 2804 1292 2886 Partt.)

113 2912 161 3000 In
177 2913 273 2997 Apol.
297 2912 390 2975 huius
410 2915 535 2998 generis
549 2912 712 2977 scribendi
726 2935 823 2977 unum
835 2920 958 2977 tantum
971 2914 1148 2999 exemplum
1162 2913 1292 2977 inveni:

116 3021 135 3082 9
173 3017 242 3100 (48)
279 3019 361 3084 Cum
395 3021 531 3105 propriis
565 3020 638 3083 filiis
676 3017 831 3083 Saturnus
866 3042 930 3083 non
953 3022 1106 3106 pepercit,
1131 3020 1294 3085 extraneis

115 3129 225 3210 utique
259 3148 324 3190 non
342 3127 509 3210 parcendo
532 3127 768 3209 perseverabat.
791 3125 868 3190 Hoc
891 3149 963 3190 cum
986 3149 1102 3211 genere
1130 3123 1296 3191 scribendi

114 3235 249 3296 maxime
296 3233 446 3296 cohaeret
492 3255 567 3296 usus
614 3233 761 3296 Atlanta·
810 3233 973 3296 Gerzntdii
1008 3254 1073 3316 pro
1107 3232 1294 3315 Portieepe'o

114 3339 300 3402 Praesentis
309 3361 319 3400 .·
354 3341 368 3378 ³
402 3340 421 3402 9
456 3335 534 3418 (52).
570 3360 648 3423 aper
669 3339 723 3402 ille
746 3360 840 3422 quem
864 3341 1052 3416 cruentavit,
1075 3338 1294 3402 conluctando
1385 3343 1386 3358 ¹

152 3561 291 3618 ¹Kellner
317 3564 390 3634 Sprl.
418 3565 478 3634 Eig.
509 3565 595 3630 Tem,
621 3564 771 3631 xoffmane.
793 3563 891 3618 Gesch.
920 3562 968 3616 des
991 3563 1026 3617 K.
1046 3563 1078 3616 L.
1097 3581 1124 3634 p.
1146 3564 1203 3618 127.
1226 3563 1300 3630 128,
1385 3547 1386 3556 ¹

113 3653 222 3706 Εόιιννλι
242 3653 277 3707 It.
296 3671 324 3706 u.
343 3654 379 3707 V.
399 3671 425 3724 p.
444 3653 497 3707 433
508 3674 514 3717 ;
533 3653 646 3706 Iocum
664 3653 704 3706 ΙΙ.
723 3670 749 3722 p.
769 3652 821 3706 546
839 3669 886 3720 sq3
1290 3637 1304 3667 ‘³

149 3739 231 3793 Neue.
251 3740 313 3794 Lat.
332 3740 524 3795 Fonnenlchre
543 3741 574 3794 II
592 3758 619 3810 p.
639 3739 691 3810 385
710 3757 749 3809 sq.
834 3779 836 3788 .

151 3835 162 3862 ¹
184 3829 292 3882 Εόιιννλι
310 3830 345 3883 It.
366 3847 385 3882 u
402 3830 438 3883 V.
457 3847 501 3899 pg.
520 3829 573 3883 433
591 3828 619 3882 b.

153 3923 162 3951 ⁸
185 3917 292 3971 Εόιιειλι
320 3935 365 3988 pg.
392 3917 454 3971 432.
482 3919 528 3981 om
556 3918 663 3971 Kellncr
682 3916 754 3986 Sprl.
774 3917 834 3986 urg.
853 3917 938 3981 Tert.;
959 3915 1101 3984 Koffmanc
1120 3916 1219 3972 Gcsch.
1243 3915 1298 3970 des

114 4006 208 4061 Kirch.
227 4008 288 4061 Lat.
308 4026 334 4078 p.
357 4010 415 4062 126.
955 4041 956 4046 =
