2788 4500
634 209 789 304 ar¹

453 489 520 555 Du
544 488 856 556 NEGATIONE.

113 686 180 751 Nec
202 709 260 773 pro
288 710 366 766 ,aa
382 737 411 752 ..
436 687 584 770 quidmst
612 687 653 752 ad
676 690 883 773 posteriorem
899 688 1086 752 latinitatem
1097 687 1239 752 referen-

56 791 145 856 dum
176 791 271 858 est:1
302 794 317 857 1
345 791 389 875 (4)
418 793 507 857 Nihil
531 793 571 858 de
595 816 693 858 causa
716 817 773 858 sua
797 793 995 879 deprecatur,
1021 797 1095 879 quia
1117 817 1176 859 occ
1199 794 1238 858 de

66 899 257 964 condicione
291 902 432 964 miratur.
461 901 481 963 3
506 897 574 981 (21)
599 898 664 964 Sed
689 909 816 964 etcum
840 922 1006 985 perperam
1030 899 1238 965 Chrestianus

66 1009 291 1090 pronuntiatur
313 1029 332 1070 a
353 1004 447 1070 vobis
472 1003 557 1085 (nam
580 1028 639 1070 racc
662 1009 798 1070 nominis
822 1015 910 1071 certa
933 1015 982 1071 est
1005 1010 1118 1071 notitia
1141 1030 1239 1093 penes

65 1109 139 1192 vos)
156 1111 216 1176 'de
250 1114 407 1176 suavitate
442 1115 654 1197 compositum
682 1122 740 1176 est.
765 1098 785 1176 8
811 1110 878 1195 (44)
904 1113 1008 1199 Cupio
1031 1113 1237 1200 respondeas,

54 1220 95 1281 ‘si
129 1220 210 1281 tanti
244 1220 424 1296 aeternitas,
459 1225 514 1282 aut
557 1221 584 1281 si
608 1241 681 1296 non,
707 1218 779 1283 idco
802 1241 860 1283 racc
883 1219 1044 1284 credenda
1068 1217 1175 1301 (,ideo
1198 1244 1239 1285 rze

64 1323 246 1389 credenda’'
279 1323 329 1389 ed.
355 1322 481 1405 Gelen).
510 1327 549 1389 10
575 1322 643 1406 (58)
668 1323 818 1410 Sequitur
841 1335 875 1389 ut
899 1326 1011 1390 eadem
1032 1329 1155 1392 ratione
1179 1351 1237 1413 pro

63 1432 137 1494 aliis
160 1454 225 1495 non
249 1433 471 1510 sacrificemuS,
497 1435 571 1517 quia
595 1430 711 1516 (,qua''
739 1456 801 1496 van
825 1431 882 1497 der
903 1431 1006 1499 Vliet.
1031 1431 1122 1498 Stud.
1147 1433 1237 1499 Eccl.

62 1559 118 1622 pg.
145 1535 199 1619 35)
224 1560 281 1602 aec
304 1561 361 1624 pro
384 1537 476 1602 nobis
500 1541 589 1625 ipsis,
615 1540 713 1603 semel
736 1539 814 1603 deos
838 1561 902 1603 nou
925 1539 1070 1603 colendo.
1099 1541 1137 1603 11
1167 1537 1236 1622 (66)

11 1667 12 1670 ’
62 1646 190 1728 Atquin
213 1653 250 1708 ut
272 1645 342 1710 illos
365 1645 509 1710 homines
533 1645 634 1711 fuisse
657 1669 722 1710 non
745 1648 874 1732 possitis
898 1669 1024 1730 negare,
1047 1649 1144 1710 etiam
1158 1649 1237 1711 istae

61 1760 161 1815 notae
196 1751 352 1816 accedunt
380 1774 460 1836 quae
483 1774 541 1816 nec
564 1751 653 1832 deos¹
667 1761 779 1838 postea
802 1751 905 1816 iactos
929 1752 1017 1816 credi
1041 1755 1237 1837 permittunt.

63 1858 107 1922 13
145 1853 213 1938 (72)
248 1857 367 1936 Primo,
403 1861 456 1942 qui
492 1881 565 1922 oum
600 1859 653 1922 alii
687 1859 765 1923 alios
798 1859 913 1940 colitis,
937 1861 1046 1943 utique
1071 1881 1150 1942 quos
1175 1882 1238 1923 non

59 1964 180 2041 nolitia,
205 1963 376 2042 offenditiS,
401 1965 553 2050 praelatio
577 1966 705 2030 alterius
730 1967 798 2029 sine
822 1966 949 2029 alterius
966 1965 1159 2029 contumelia
1174 1987 1237 2028 non

58 2078 173 2156 potest
206 2070 390 2156 procedere,
426 2074 499 2157 quia
529 2093 588 2137 occ
611 2073 724 2137 electio
749 2075 817 2136 sine
841 2071 1073 2157 reprobatione.
1101 2073 1140 2135 15
1167 2068 1234 2152 (86)

59 2177 241 2251 Christiani
265 2180 348 2241 enim
371 2179 490 2263 templa
512 2200 571 2243 racc
593 2178 730 2243 interdiu
755 2187 880 2242 norimt.
908 2180 947 2242 16
973 2176 1041 2260 (88)
1065 2178 1109 2242 Et
1125 2180 1233 2262 utique
1275 2265 1277 2268 Ι

59 2287 91 2348 51
127 2283 162 2348 id
200 2284 363 2349 colebatur
385 2284 471 2370 quod
495 2287 602 2370 aliqua
624 2285 726 2370 effigie
749 2285 1057 2371 repraesentabatur,
1081 2307 1237 2370 nusquam

59 2393 166 2476 magis
201 2414 295 2475 quam
330 2394 363 2455 in
397 2394 535 2457 sacrario
560 2416 617 2458 suo
642 2392 852 2471 exhiberetur,
885 2415 924 2457 eo
947 2394 1058 2477 magis
1084 2395 1159 2476 quia
1179 2414 1237 2456 rtec

59 2496 236 2562 verebatur
270 2507 436 2563 extraneos
471 2499 606 2564 arbitros
634 2505 825 2586 quamquam
848 2523 931 2564 vana
954 2500 1087 2564 cultura.
1112 2495 1237 2579 (,Qur'u

60 2605 234 2668 verebatur
256 2611 424 2669 extrancos
446 2624 534 2670 vanu
546 2606 694 2671 rattrud
714 2630 743 2671 o.
765 2607 1054 2685 ,Qaiucercbutur
1069 2611 1237 2670 cctrcucos

56 2711 206 2778 arbitros
227 2734 316 2776 curro
338 2713 486 2777 culturu”
513 2712 558 2796 d.)
584 2715 624 2777 21
651 2711 741 2796 (129)
764 2714 849 2779 Nam
871 2735 930 2779 nec
952 2714 1005 2777 ille
1029 2715 1107 2777 sein
1122 2712 1239 2797 vulgus,

57 2819 186 2902 eduxit,
220 2843 260 2886 ne
295 2823 384 2907 impii
418 2844 523 2886 errore
558 2821 777 2899 liberarentur,
814 2843 884 2906 sqq.
913 2821 955 2884 24
980 2817 1070 2906 (151)
1094 2817 1129 2882 81
1152 2821 1236 2884 enim

56 2950 127 2993 non
154 2936 226 2991 sunt
249 2927 302 2992 dei
325 2951 383 3014 pro
406 2937 504 3008 certo,
528 2951 586 2993 ccc
608 2914 720 3013 religio
743 2950 801 3014 pro
818 2936 905 2992 certo
922 2935 987 3003 est3
1004 2929 1031 2990 'si
1046 2927 1157 3010 religio
1173 2948 1236 2989 non

56 3043 123 3112 est,
157 3036 231 3119 quia
253 3056 311 3098 nec
334 3034 386 3098 dei
409 3057 467 3120 pro
490 3043 589 3114 certo,
613 3056 671 3100 aec
694 3057 752 3100 nos
777 3056 834 3120 pro
858 3041 945 3100 certo
969 3035 1015 3097 rei
1040 3054 1148 3096 sumus
1172 3032 1237 3095 lae·

55 3165 118 3207 sae
154 3142 325 3226 religionis
360 3143 402 3206 33
436 3139 526 3225 (179)
551 3142 626 3207 Non
650 3144 734 3206 enim
757 3141 852 3205 deum
875 3143 1097 3227 imperatorem
1121 3138 1235 3214 dicam,

54 3250 115 3316 vel
153 3250 226 3334 quia
260 3251 386 3314 mentiri
421 3252 540 3331 neseio,
577 3250 628 3314 vel
657 3251 732 3334 quia
755 3249 843 3312 illum
866 3246 1012 3312 deridere
1036 3268 1099 3311 non
1123 3243 1235 3321 audeo,

53 3358 114 3421 vel
141 3359 215 3442 quia
236 3379 295 3421 aec
317 3359 387 3442 ipse
411 3379 445 3421 se
469 3355 565 3422 deum
581 3357 668 3422 volet
684 3354 758 3423 dici.
780 3356 822 3420 37
840 3351 930 3436 (192)
947 3353 1033 3439 Ipsis
1048 3351 1236 3416 Bacchana-

53 3465 141 3528 lium
164 3463 254 3528 furiis
278 3485 337 3528 rtec
360 3467 491 3528 mortuis
515 3470 651 3549 parcunt
673 3461 874 3539 Christiania,
891 3463 968 3545 quin
984 3461 1054 3523 illos
1071 3458 1111 3523 de
1127 3460 1236 3541 requie

53 3570 254 3656 sepulturae,
280 3569 320 3634 de
332 3571 421 3655 asylo
433 3569 571 3655 quodam
584 3572 705 3647 mortis,
724 3569 888 3644 1011111105,
902 3569 964 3632 iam
977 3587 1035 3630 rrcc
1046 3573 1131 3629 totos
1145 3564 1232 3628 avel-

53 3677 139 3753 lant,
153 3674 323 3754 dissecent,
337 3676 516 3742 distrahant
528 3674 636 3758 (Fuld.
649 3675 746 3741 habet
759 3699 766 3740 :
797 3675 863 3752 ,Nc
875 3674 1007 3737 mortuis
1020 3673 1149 3756 quidem
1163 3694 1236 3756 par-

51 3789 141 3846 cunt
164 3781 365 3861 Christiania,
389 3785 466 3868 quin
489 3782 561 3848 illos
584 3782 625 3846 de
649 3783 790 3866 reliquiis
815 3781 995 3866 sepulturae
1008 3781 1070 3842 iam
1083 3779 1161 3842 alios
1174 3780 1235 3840 iarn

98 3973 107 4000 ¹
129 3973 243 4027 ruam
270 3937 309 4028 11'
329 3991 355 4044 p.
384 3974 444 4029 ooo.
473 3975 507 4039 a;
526 3974 669 4042 Karmana
688 3975 786 4029 aaa
805 3975 852 4030 aa
871 3976 1040 4032 manarat.
1059 3978 1098 4032 11.
1118 3996 1145 4050 p.
1167 3980 1232 4040 aa

49 4062 132 4118 Kato
152 4063 237 4116 Rome
254 4063 376 4118 Juristen
395 4081 421 4133 p.
444 4063 503 4117 123.
1079 4142 1098 4202 6
