<?xml version="1.0" encoding="UTF-8"?>
<!DOCTYPE html PUBLIC "-//W3C//DTD XHTML 1.0 Transitional//EN"
    "http://www.w3.org/TR/xhtml1/DTD/xhtml1-transitional.dtd">
<html xmlns="http://www.w3.org/1999/xhtml" xml:lang="en" lang="en">
 <head>
  <title>
</title>
<meta http-equiv="Content-Type" content="text/html;charset=utf-8" />
  <meta name='ocr-system' content='tesseract 3.04.00' />
  <meta name='ocr-capabilities' content='ocr_page ocr_carea ocr_par ocr_line ocrx_word'/>
</head>
<body>
  <div class='ocr_page' id='page_1' title='image "./delatinitatequa01blokgoog_0053.png"; bbox 0 0 2788 4500; ppageno 0'>
   <div class='ocr_carea' id='block_1_1' title="bbox 717 213 759 274">
    <p class='ocr_par' dir='ltr' id='par_1_1' title="bbox 717 213 759 274">
     <span class='ocr_line' id='line_1_1' title="bbox 717 213 759 274; baseline 0 0"><span class='ocrx_word' id='word_1_1' title='bbox 717 213 759 274; x_wconf 77' lang='lat'>40</span> 
     </span>
    </p>
   </div>
   <div class='ocr_carea' id='block_1_2' title="bbox 72 405 1331 1877">
    <p class='ocr_par' dir='ltr' id='par_1_2' title="bbox 86 405 1327 492">
     <span class='ocr_line' id='line_1_2' title="bbox 86 405 1327 492; baseline 0.003 -28"><span class='ocrx_word' id='word_1_2' title='bbox 86 483 89 488; x_wconf 25' lang='grc' dir='ltr'>Ι</span> <span class='ocrx_word' id='word_1_3' title='bbox 151 425 238 479; x_wconf 88' lang='lat' dir='ltr'>usus,</span> <span class='ocrx_word' id='word_1_4' title='bbox 264 426 455 488; x_wconf 89' lang='lat' dir='ltr'>quamquam</span> <span class='ocrx_word' id='word_1_5' title='bbox 478 427 497 470; x_wconf 89' lang='lat' dir='ltr'>a</span> <span class='ocrx_word' id='word_1_6' title='bbox 521 405 623 470; x_wconf 88' lang='lat' dir='ltr'>bonae</span> <span class='ocrx_word' id='word_1_7' title='bbox 636 408 749 470; x_wconf 88' lang='lat' dir='ltr'>aetatis</span> <span class='ocrx_word' id='word_1_8' title='bbox 762 406 970 492; x_wconf 83' lang='lat' dir='ltr'>scriptoribus</span> <span class='ocrx_word' id='word_1_9' title='bbox 983 408 1112 471; x_wconf 88' lang='lat' dir='ltr'>omnino</span> <span class='ocrx_word' id='word_1_10' title='bbox 1124 429 1190 470; x_wconf 89' lang='lat' dir='ltr'>non</span> <span class='ocrx_word' id='word_1_11' title='bbox 1205 407 1327 470; x_wconf 83' lang='lat' dir='ltr'>alienus</span> 
     </span>
    </p>

    <p class='ocr_par' dir='ltr' id='par_1_3' title="bbox 72 512 1331 1877">
     <span class='ocr_line' id='line_1_3' title="bbox 72 512 1330 601; baseline 0.003 -29"><span class='ocrx_word' id='word_1_12' title='bbox 72 593 74 601; x_wconf 63' lang='lat'>.</span> <span class='ocrx_word' id='word_1_13' title='bbox 152 517 211 587; x_wconf 86' lang='lat' dir='ltr'>est,</span> <span class='ocrx_word' id='word_1_14' title='bbox 237 512 364 595; x_wconf 88' lang='lat' dir='ltr'>saepius</span> <span class='ocrx_word' id='word_1_15' title='bbox 388 519 493 576; x_wconf 85' lang='lat' dir='ltr'>tamen</span> <span class='ocrx_word' id='word_1_16' title='bbox 517 515 612 596; x_wconf 88' lang='lat' dir='ltr'>qu&#39;am</span> <span class='ocrx_word' id='word_1_17' title='bbox 624 512 709 598; x_wconf 84' lang='lat' dir='ltr'>opud</span> <span class='ocrx_word' id='word_1_18' title='bbox 722 516 869 598; x_wconf 86' lang='lat' dir='ltr'>antiquos</span> <span class='ocrx_word' id='word_1_19' title='bbox 883 516 1058 599; x_wconf 70' lang='lat' dir='ltr'>scriptores.</span> <span class='ocrx_word' id='word_1_20' title='bbox 1067 515 1100 577; x_wconf 91' lang='lat' dir='ltr'>in</span> <span class='ocrx_word' id='word_1_21' title='bbox 1112 512 1330 598; x_wconf 82' lang='lat' dir='ltr'>Apologetioo</span> 
     </span>
     <span class='ocr_line' id='line_1_4' title="bbox 151 614 1328 704; baseline 0.001 -25"><span class='ocrx_word' id='word_1_22' title='bbox 151 619 313 681; x_wconf 87' lang='lat' dir='ltr'>invenitur</span> <span class='ocrx_word' id='word_1_23' title='bbox 335 620 559 704; x_wconf 78' lang='lat' dir='ltr'>nonnullisque</span> <span class='ocrx_word' id='word_1_24' title='bbox 583 628 668 684; x_wconf 88' lang='lat' dir='ltr'>certe</span> <span class='ocrx_word' id='word_1_25' title='bbox 692 621 772 684; x_wconf 93' lang='lat' dir='ltr'>locis</span> <span class='ocrx_word' id='word_1_26' title='bbox 796 621 895 684; x_wconf 90' lang='lat' dir='ltr'>multo</span> <span class='ocrx_word' id='word_1_27' title='bbox 918 619 1092 684; x_wconf 87' lang='lat' dir='ltr'>audacius:</span> <span class='ocrx_word' id='word_1_28' title='bbox 1117 621 1137 682; x_wconf 95' lang='grc'>2</span> <span class='ocrx_word' id='word_1_29' title='bbox 1156 614 1211 699; x_wconf 90' lang='grc'>(11</span> <span class='ocrx_word' id='word_1_30' title='bbox 1225 627 1260 682; x_wconf 85' lang='lat' dir='ltr'>ct</span> <span class='ocrx_word' id='word_1_31' title='bbox 1275 619 1328 696; x_wconf 93' lang='grc'>12)</span> 
     </span>
     <span class='ocr_line' id='line_1_5' title="bbox 151 725 1331 807; baseline 0.002 -21"><span class='ocrx_word' id='word_1_32' title='bbox 151 731 260 787; x_wconf 88' lang='lat' dir='ltr'>coetus</span> <span class='ocrx_word' id='word_1_33' title='bbox 292 726 471 790; x_wconf 85' lang='lat' dir='ltr'>antelucani</span> <span class='ocrx_word' id='word_1_34' title='bbox 494 729 537 790; x_wconf 84' lang='lat' dir='ltr'>od</span> <span class='ocrx_word' id='word_1_35' title='bbox 558 729 741 791; x_wconf 77' lang='grc'>1111111111</span> <span class='ocrx_word' id='word_1_36' title='bbox 764 725 892 789; x_wconf 84' lang='lat' dir='ltr'>Christo</span> <span class='ocrx_word' id='word_1_37' title='bbox 915 733 948 789; x_wconf 91' lang='lat' dir='ltr'>et</span> <span class='ocrx_word' id='word_1_38' title='bbox 970 725 1041 804; x_wconf 89' lang='lat' dir='ltr'>deo,</span> <span class='ocrx_word' id='word_1_39' title='bbox 1078 726 1176 790; x_wconf 85' lang='lat' dir='ltr'>etad</span> <span class='ocrx_word' id='word_1_40' title='bbox 1198 725 1331 807; x_wconf 76' lang='lat' dir='ltr'>consoc-</span> 
     </span>
     <span class='ocr_line' id='line_1_6' title="bbox 150 830 1330 924; baseline 0.003 -33"><span class='ocrx_word' id='word_1_41' title='bbox 150 830 331 924; x_wconf 76' lang='grc'>(1111111111</span> <span class='ocrx_word' id='word_1_42' title='bbox 366 833 587 916; x_wconf 74' lang='lat' dir='ltr'>disciplinam.</span> <span class='ocrx_word' id='word_1_43' title='bbox 624 835 665 896; x_wconf 85' lang='lat'>22</span> <span class='ocrx_word' id='word_1_44' title='bbox 704 831 796 914; x_wconf 86' lang='grc'>(136)</span> <span class='ocrx_word' id='word_1_45' title='bbox 827 830 978 918; x_wconf 83' lang='lat' dir='ltr'>Suppetit</span> <span class='ocrx_word' id='word_1_46' title='bbox 1000 832 1062 895; x_wconf 90' lang='lat' dir='ltr'>illis</span> <span class='ocrx_word' id='word_1_47' title='bbox 1085 833 1129 895; x_wconf 85' lang='lat' dir='ltr'>od</span> <span class='ocrx_word' id='word_1_48' title='bbox 1151 837 1330 914; x_wconf 79' lang='lat' dir='ltr'>utromque</span> 
     </span>
     <span class='ocr_line' id='line_1_7' title="bbox 150 936 1330 1004; baseline 0.002 -7"><span class='ocrx_word' id='word_1_49' title='bbox 150 936 370 1000; x_wconf 77' lang='lat' dir='ltr'>substantiam</span> <span class='ocrx_word' id='word_1_50' title='bbox 402 937 539 1003; x_wconf 90' lang='lat' dir='ltr'>hominis</span> <span class='ocrx_word' id='word_1_51' title='bbox 573 938 759 1004; x_wconf 77' lang='lat' dir='ltr'>adeundam</span> <span class='ocrx_word' id='word_1_52' title='bbox 789 937 947 1002; x_wconf 82' lang='lat' dir='ltr'>subtilitas</span> <span class='ocrx_word' id='word_1_53' title='bbox 972 946 1004 1002; x_wconf 90' lang='lat' dir='ltr'>et</span> <span class='ocrx_word' id='word_1_54' title='bbox 1025 940 1165 1002; x_wconf 80' lang='lat' dir='ltr'>tenuitas</span> <span class='ocrx_word' id='word_1_55' title='bbox 1189 959 1259 1000; x_wconf 84' lang='lat' dir='ltr'>sua.</span> <span class='ocrx_word' id='word_1_56' title='bbox 1287 939 1330 1000; x_wconf 88' lang='grc'>24</span> 
     </span>
     <span class='ocr_line' id='line_1_8' title="bbox 151 1039 1330 1130; baseline 0.001 -25"><span class='ocrx_word' id='word_1_57' title='bbox 151 1039 242 1123; x_wconf 93' lang='grc'>(152)</span> <span class='ocrx_word' id='word_1_58' title='bbox 268 1052 428 1109; x_wconf 86' lang='lat' dir='ltr'>ettamen</span> <span class='ocrx_word' id='word_1_59' title='bbox 453 1045 538 1130; x_wconf 92' lang='lat' dir='ltr'>quod</span> <span class='ocrx_word' id='word_1_60' title='bbox 565 1046 691 1110; x_wconf 83' lang='lat' dir='ltr'>lacinus</span> <span class='ocrx_word' id='word_1_61' title='bbox 715 1046 854 1110; x_wconf 80' lang='lat' dir='ltr'>admittit</span> <span class='ocrx_word' id='word_1_62' title='bbox 878 1049 932 1130; x_wconf 89' lang='lat' dir='ltr'>qni</span> <span class='ocrx_word' id='word_1_63' title='bbox 955 1047 1055 1129; x_wconf 86' lang='lat' dir='ltr'>magis</span> <span class='ocrx_word' id='word_1_64' title='bbox 1079 1047 1123 1108; x_wconf 84' lang='lat' dir='ltr'>ad</span> <span class='ocrx_word' id='word_1_65' title='bbox 1155 1044 1330 1107; x_wconf 79' lang='lat' dir='ltr'>Caesarem.</span> 
     </span>
     <span class='ocr_line' id='line_1_9' title="bbox 145 1149 1329 1237; baseline 0.002 -25"><span class='ocrx_word' id='word_1_66' title='bbox 145 1153 400 1232; x_wconf 78' lang='lat' dir='ltr'>promerendam</span> <span class='ocrx_word' id='word_1_67' title='bbox 434 1161 466 1216; x_wconf 88' lang='lat' dir='ltr'>et</span> <span class='ocrx_word' id='word_1_68' title='bbox 500 1175 628 1237; x_wconf 91' lang='lat' dir='ltr'>operam</span> <span class='ocrx_word' id='word_1_69' title='bbox 667 1161 699 1217; x_wconf 87' lang='lat' dir='ltr'>ct</span> <span class='ocrx_word' id='word_1_70' title='bbox 733 1174 822 1237; x_wconf 89' lang='lat' dir='ltr'>spem</span> <span class='ocrx_word' id='word_1_71' title='bbox 862 1175 952 1215; x_wconf 86' lang='lat' dir='ltr'>suam</span> <span class='ocrx_word' id='word_1_72' title='bbox 985 1150 1147 1215; x_wconf 78' lang='lat' dir='ltr'>transfert.</span> <span class='ocrx_word' id='word_1_73' title='bbox 1173 1151 1215 1213; x_wconf 92' lang='grc'>26</span> <span class='ocrx_word' id='word_1_74' title='bbox 1234 1149 1329 1230; x_wconf 91' lang='grc'>(167)</span> 
     </span>
     <span class='ocr_line' id='line_1_10' title="bbox 137 1255 1331 1343; baseline 0.001 -24"><span class='ocrx_word' id='word_1_75' title='bbox 137 1260 350 1340; x_wconf 78' lang='lat' dir='ltr'>&#39;agnoscimus</span> <span class='ocrx_word' id='word_1_76' title='bbox 398 1259 557 1343; x_wconf 90' lang='lat' dir='ltr'>quomodo</span> <span class='ocrx_word' id='word_1_77' title='bbox 603 1283 687 1324; x_wconf 89' lang='lat' dir='ltr'>nuno</span> <span class='ocrx_word' id='word_1_78' title='bbox 731 1261 848 1323; x_wconf 88' lang='lat' dir='ltr'>astutia</span> <span class='ocrx_word' id='word_1_79' title='bbox 886 1256 1041 1322; x_wconf 85' lang='lat' dir='ltr'>suadendi</span> <span class='ocrx_word' id='word_1_80' title='bbox 1080 1277 1165 1320; x_wconf 89' lang='lat' dir='ltr'>nunc</span> <span class='ocrx_word' id='word_1_81' title='bbox 1208 1255 1331 1320; x_wconf 84' lang='lat' dir='ltr'>duritia</span> 
     </span>
     <span class='ocr_line' id='line_1_11' title="bbox 149 1359 1325 1448; baseline 0.001 -23"><span class='ocrx_word' id='word_1_82' title='bbox 149 1362 312 1426; x_wconf 87' lang='lat' dir='ltr'>saeviendi</span> <span class='ocrx_word' id='word_1_83' title='bbox 326 1366 369 1427; x_wconf 83' lang='lat' dir='ltr'>od</span> <span class='ocrx_word' id='word_1_84' title='bbox 380 1367 599 1430; x_wconf 75' lang='lat' dir='ltr'>constantiam</span> <span class='ocrx_word' id='word_1_85' title='bbox 611 1372 760 1430; x_wconf 77' lang='lat' dir='ltr'>nostram</span> <span class='ocrx_word' id='word_1_86' title='bbox 771 1366 985 1429; x_wconf 70' lang='lat' dir='ltr'>deliciandum</span> <span class='ocrx_word' id='word_1_87' title='bbox 997 1371 1155 1448; x_wconf 87' lang='lat' dir='ltr'>operetur.</span> <span class='ocrx_word' id='word_1_88' title='bbox 1171 1364 1214 1424; x_wconf 83' lang='lat'>31</span> <span class='ocrx_word' id='word_1_89' title='bbox 1230 1359 1325 1442; x_wconf 90' lang='grc'>(176)</span> 
     </span>
     <span class='ocr_line' id='line_1_12' title="bbox 146 1465 1325 1548; baseline 0 -17"><span class='ocrx_word' id='word_1_90' title='bbox 146 1471 271 1533; x_wconf 76' lang='lat' dir='ltr'>‘mentiti</span> <span class='ocrx_word' id='word_1_91' title='bbox 300 1492 407 1534; x_wconf 88' lang='lat' dir='ltr'>sumus</span> <span class='ocrx_word' id='word_1_92' title='bbox 438 1480 514 1536; x_wconf 87' lang='lat' dir='ltr'>vota</span> <span class='ocrx_word' id='word_1_93' title='bbox 536 1474 579 1536; x_wconf 83' lang='lat' dir='ltr'>ad</span> <span class='ocrx_word' id='word_1_94' title='bbox 600 1473 797 1536; x_wconf 79' lang='lat' dir='ltr'>condendam</span> <span class='ocrx_word' id='word_1_95' title='bbox 821 1471 944 1535; x_wconf 89' lang='lat' dir='ltr'>scilicet</span> <span class='ocrx_word' id='word_1_96' title='bbox 966 1471 1044 1534; x_wconf 75' lang='lat' dir='ltr'>voa.</span> <span class='ocrx_word' id='word_1_97' title='bbox 1069 1470 1111 1532; x_wconf 87' lang='grc'>48</span> <span class='ocrx_word' id='word_1_98' title='bbox 1130 1465 1222 1548; x_wconf 90' lang='grc'>(256)</span> <span class='ocrx_word' id='word_1_99' title='bbox 1247 1476 1325 1531; x_wconf 90' lang='lat' dir='ltr'>tunc</span> 
     </span>
     <span class='ocr_line' id='line_1_13' title="bbox 149 1565 1327 1667; baseline 0 -30"><span class='ocrx_word' id='word_1_100' title='bbox 149 1578 334 1640; x_wconf 84' lang='lat' dir='ltr'>restituetur</span> <span class='ocrx_word' id='word_1_101' title='bbox 357 1599 449 1641; x_wconf 88' lang='lat' dir='ltr'>omne</span> <span class='ocrx_word' id='word_1_102' title='bbox 473 1565 646 1642; x_wconf 85' lang='lat' dir='ltr'>humanum</span> <span class='ocrx_word' id='word_1_103' title='bbox 668 1600 768 1660; x_wconf 78' lang='lat' dir='ltr'>genus</span> <span class='ocrx_word' id='word_1_104' title='bbox 790 1576 831 1642; x_wconf 92' lang='lat' dir='ltr'>ad</span> <span class='ocrx_word' id='word_1_105' title='bbox 855 1575 1101 1663; x_wconf 82' lang='lat' dir='ltr'>expungendum</span> <span class='ocrx_word' id='word_1_106' title='bbox 1117 1574 1204 1659; x_wconf 87' lang='lat' dir='ltr'>quod</span> <span class='ocrx_word' id='word_1_107' title='bbox 1218 1576 1327 1667; x_wconf 24' lang='lat' dir='ltr'>inlisto</span> 
     </span>
     <span class='ocr_line' id='line_1_14' title="bbox 146 1681 1328 1769; baseline -0.001 -24"><span class='ocrx_word' id='word_1_108' title='bbox 146 1704 230 1746; x_wconf 51' lang='lat' dir='ltr'>¹aevo</span> <span class='ocrx_word' id='word_1_109' title='bbox 254 1682 329 1746; x_wconf 90' lang='lat' dir='ltr'>boni</span> <span class='ocrx_word' id='word_1_110' title='bbox 353 1706 410 1748; x_wconf 86' lang='lat' dir='ltr'>seu</span> <span class='ocrx_word' id='word_1_111' title='bbox 433 1685 507 1748; x_wconf 89' lang='lat' dir='ltr'>mali</span> <span class='ocrx_word' id='word_1_112' title='bbox 531 1687 655 1763; x_wconf 88' lang='lat' dir='ltr'>meruit,</span> <span class='ocrx_word' id='word_1_113' title='bbox 680 1693 712 1748; x_wconf 91' lang='lat' dir='ltr'>et</span> <span class='ocrx_word' id='word_1_114' title='bbox 736 1683 850 1748; x_wconf 88' lang='lat' dir='ltr'>exinde</span> <span class='ocrx_word' id='word_1_115' title='bbox 874 1681 1120 1769; x_wconf 88' lang='lat' dir='ltr'>dependendum</span> <span class='ocrx_word' id='word_1_116' title='bbox 1143 1683 1177 1744; x_wconf 92' lang='lat' dir='ltr'>in</span> <span class='ocrx_word' id='word_1_117' title='bbox 1201 1683 1328 1745; x_wconf 88' lang='lat' dir='ltr'>inmen-</span> 
     </span>
     <span class='ocr_line' id='line_1_15' title="bbox 149 1779 1077 1877; baseline 0.005 -26"><span class='ocrx_word' id='word_1_118' title='bbox 149 1810 216 1852; x_wconf 85' lang='lat' dir='ltr'>sam</span> <span class='ocrx_word' id='word_1_119' title='bbox 241 1792 438 1854; x_wconf 87' lang='lat' dir='ltr'>aeternitatis</span> <span class='ocrx_word' id='word_1_120' title='bbox 463 1794 718 1877; x_wconf 87' lang='lat' dir='ltr'>perpetuitatem.</span> <span class='ocrx_word' id='word_1_121' title='bbox 1073 1779 1077 1790; x_wconf 50' lang='grc'>’</span> 
     </span>
    </p>
   </div>
   <div class='ocr_carea' id='block_1_3' title="bbox 360 2036 1114 2154">
    <p class='ocr_par' dir='ltr' id='par_1_4' title="bbox 360 2036 1114 2154">
     <span class='ocr_line' id='line_1_16' title="bbox 360 2036 1114 2154; baseline -0.005 -15"><span class='ocrx_word' id='word_1_122' title='bbox 360 2040 653 2154; x_wconf 76' lang='grc'>1111111161,</span> <span class='ocrx_word' id='word_1_123' title='bbox 678 2036 899 2150; x_wconf 72' lang='lat' dir='ltr'>corruas,</span> <span class='ocrx_word' id='word_1_124' title='bbox 922 2069 1078 2137; x_wconf 79' lang='grc'>11111.</span> <span class='ocrx_word' id='word_1_125' title='bbox 1102 2071 1114 2107; x_wconf 87' lang='lat'>¹</span> 
     </span>
    </p>
   </div>
   <div class='ocr_carea' id='block_1_4' title="bbox 54 2252 1329 3079">
    <p class='ocr_par' dir='ltr' id='par_1_5' title="bbox 54 2252 1329 3079">
     <span class='ocr_line' id='line_1_17' title="bbox 193 2252 1329 2338; baseline -0.002 -24"><span class='ocrx_word' id='word_1_126' title='bbox 193 2252 359 2315; x_wconf 69' lang='grc'>1111161111</span> <span class='ocrx_word' id='word_1_127' title='bbox 388 2255 425 2316; x_wconf 82' lang='lat' dir='ltr'>in</span> <span class='ocrx_word' id='word_1_128' title='bbox 448 2254 660 2338; x_wconf 79' lang='lat' dir='ltr'>Apologetico</span> <span class='ocrx_word' id='word_1_129' title='bbox 685 2253 796 2318; x_wconf 89' lang='lat' dir='ltr'>eadem</span> <span class='ocrx_word' id='word_1_130' title='bbox 818 2253 940 2316; x_wconf 83' lang='lat' dir='ltr'>rationo</span> <span class='ocrx_word' id='word_1_131' title='bbox 964 2273 1027 2334; x_wconf 91' lang='lat' dir='ltr'>qua</span> <span class='ocrx_word' id='word_1_132' title='bbox 1050 2255 1163 2313; x_wconf 79' lang='lat' dir='ltr'>contro</span> <span class='ocrx_word' id='word_1_133' title='bbox 1187 2271 1329 2334; x_wconf 87' lang='lat' dir='ltr'>praepo-</span> 
     </span>
     <span class='ocr_line' id='line_1_18' title="bbox 147 2358 1328 2444; baseline -0.003 -23"><span class='ocrx_word' id='word_1_134' title='bbox 147 2361 233 2442; x_wconf 85' lang='lat' dir='ltr'>sitio,</span> <span class='ocrx_word' id='word_1_135' title='bbox 257 2361 397 2422; x_wconf 90' lang='lat' dir='ltr'>animum</span> <span class='ocrx_word' id='word_1_136' title='bbox 419 2358 540 2424; x_wconf 85' lang='lat' dir='ltr'>indicat</span> <span class='ocrx_word' id='word_1_137' title='bbox 562 2360 725 2437; x_wconf 88' lang='lat' dir='ltr'>hostilem;</span> <span class='ocrx_word' id='word_1_138' title='bbox 751 2381 825 2442; x_wconf 76' lang='lat' dir='ltr'>erqo</span> <span class='ocrx_word' id='word_1_139' title='bbox 848 2379 1004 2444; x_wconf 80' lang='lat' dir='ltr'>praepos,</span> <span class='ocrx_word' id='word_1_140' title='bbox 1030 2378 1222 2440; x_wconf 89' lang='lat' dir='ltr'>quamquam</span> <span class='ocrx_word' id='word_1_141' title='bbox 1243 2377 1328 2418; x_wconf 88' lang='lat' dir='ltr'>non-</span> 
     </span>
     <span class='ocr_line' id='line_1_19' title="bbox 147 2447 1324 2550; baseline -0.003 -22"><span class='ocrx_word' id='word_1_142' title='bbox 147 2465 242 2528; x_wconf 86' lang='lat' dir='ltr'>nullis</span> <span class='ocrx_word' id='word_1_143' title='bbox 292 2465 371 2530; x_wconf 90' lang='lat' dir='ltr'>locis</span> <span class='ocrx_word' id='word_1_144' title='bbox 424 2465 615 2530; x_wconf 86' lang='lat' dir='ltr'>benevolum</span> <span class='ocrx_word' id='word_1_145' title='bbox 645 2447 740 2550; x_wconf 69' lang='lat' dir='ltr'>⁸erga</span> <span class='ocrx_word' id='word_1_146' title='bbox 791 2465 944 2548; x_wconf 88' lang='lat' dir='ltr'>aliquem</span> <span class='ocrx_word' id='word_1_147' title='bbox 973 2465 1112 2526; x_wconf 90' lang='lat' dir='ltr'>animum</span> <span class='ocrx_word' id='word_1_148' title='bbox 1159 2463 1324 2547; x_wconf 87' lang='lat' dir='ltr'>exprimit,</span> 
     </span>
     <span class='ocr_line' id='line_1_20' title="bbox 148 2555 1326 2656; baseline -0.003 -22"><span class='ocrx_word' id='word_1_149' title='bbox 148 2570 281 2634; x_wconf 88' lang='lat' dir='ltr'>eandem</span> <span class='ocrx_word' id='word_1_150' title='bbox 312 2573 408 2656; x_wconf 84' lang='lat' dir='ltr'>vulgo</span> <span class='ocrx_word' id='word_1_151' title='bbox 433 2573 694 2656; x_wconf 81' lang='lat' dir='ltr'>significationem</span> <span class='ocrx_word' id='word_1_152' title='bbox 717 2555 835 2636; x_wconf 72' lang='lat' dir='ltr'>habet.¹</span> <span class='ocrx_word' id='word_1_153' title='bbox 850 2569 1030 2654; x_wconf 82' lang='lat' dir='ltr'>Sequantur</span> <span class='ocrx_word' id='word_1_154' title='bbox 1052 2568 1104 2632; x_wconf 93' lang='lat' dir='ltr'>hio</span> <span class='ocrx_word' id='word_1_155' title='bbox 1128 2590 1224 2652; x_wconf 91' lang='lat' dir='ltr'>quam</span> <span class='ocrx_word' id='word_1_156' title='bbox 1250 2569 1326 2652; x_wconf 91' lang='lat' dir='ltr'>plu-</span> 
     </span>
     <span class='ocr_line' id='line_1_21' title="bbox 54 2673 1324 2765; baseline -0.002 -26"><span class='ocrx_word' id='word_1_157' title='bbox 54 2747 56 2752; x_wconf 47' lang='grc'>,</span> <span class='ocrx_word' id='word_1_158' title='bbox 147 2680 218 2740; x_wconf 90' lang='lat' dir='ltr'>rimi</span> <span class='ocrx_word' id='word_1_159' title='bbox 248 2679 320 2756; x_wconf 90' lang='lat' dir='ltr'>looi,</span> <span class='ocrx_word' id='word_1_160' title='bbox 350 2681 404 2762; x_wconf 93' lang='lat' dir='ltr'>qui</span> <span class='ocrx_word' id='word_1_161' title='bbox 428 2681 489 2765; x_wconf 92' lang='lat' dir='ltr'>ipsi</span> <span class='ocrx_word' id='word_1_162' title='bbox 513 2703 570 2765; x_wconf 88' lang='lat' dir='ltr'>per</span> <span class='ocrx_word' id='word_1_163' title='bbox 593 2703 627 2744; x_wconf 89' lang='lat' dir='ltr'>sc</span> <span class='ocrx_word' id='word_1_164' title='bbox 651 2681 819 2765; x_wconf 86' lang='lat' dir='ltr'>perspicue</span> <span class='ocrx_word' id='word_1_165' title='bbox 843 2700 880 2741; x_wconf 88' lang='lat' dir='ltr'>ac</span> <span class='ocrx_word' id='word_1_166' title='bbox 904 2677 974 2740; x_wconf 91' lang='lat' dir='ltr'>luce</span> <span class='ocrx_word' id='word_1_167' title='bbox 999 2675 1113 2740; x_wconf 86' lang='lat' dir='ltr'>elarius</span> <span class='ocrx_word' id='word_1_168' title='bbox 1137 2673 1324 2750; x_wconf 88' lang='lat' dir='ltr'>ostendent,</span> 
     </span>
     <span class='ocr_line' id='line_1_22' title="bbox 146 2778 1325 2872; baseline -0.003 -26"><span class='ocrx_word' id='word_1_169' title='bbox 146 2778 308 2867; x_wconf 85' lang='lat' dir='ltr'>¹quomodo</span> <span class='ocrx_word' id='word_1_170' title='bbox 344 2808 399 2849; x_wconf 88' lang='lat' dir='ltr'>eae</span> <span class='ocrx_word' id='word_1_171' title='bbox 435 2789 687 2872; x_wconf 87' lang='lat' dir='ltr'>praepositiones</span> <span class='ocrx_word' id='word_1_172' title='bbox 716 2809 734 2850; x_wconf 92' lang='lat' dir='ltr'>a</span> <span class='ocrx_word' id='word_1_173' title='bbox 761 2785 847 2868; x_wconf 86' lang='lat' dir='ltr'>Tert.</span> <span class='ocrx_word' id='word_1_174' title='bbox 873 2783 1033 2847; x_wconf 88' lang='lat' dir='ltr'>adhibitae</span> <span class='ocrx_word' id='word_1_175' title='bbox 1057 2784 1135 2845; x_wconf 89' lang='lat' dir='ltr'>sint:</span> <span class='ocrx_word' id='word_1_176' title='bbox 1163 2781 1197 2850; x_wconf 88' lang='lat'>1:</span> <span class='ocrx_word' id='word_1_177' title='bbox 1218 2779 1325 2844; x_wconf 71' lang='lat' dir='ltr'>&#39;Hanc</span> 
     </span>
     <span class='ocr_line' id='line_1_23' title="bbox 149 2877 1325 2977; baseline -0.002 -25"><span class='ocrx_word' id='word_1_178' title='bbox 149 2892 255 2974; x_wconf 90' lang='lat' dir='ltr'>itaquo</span> <span class='ocrx_word' id='word_1_179' title='bbox 291 2893 424 2975; x_wconf 88' lang='lat' dir='ltr'>primam</span> <span class='ocrx_word' id='word_1_180' title='bbox 459 2914 587 2956; x_wconf 88' lang='lat' dir='ltr'>causam</span> <span class='ocrx_word' id='word_1_181' title='bbox 622 2877 707 2977; x_wconf 85' lang='lat' dir='ltr'>apud</span> <span class='ocrx_word' id='word_1_182' title='bbox 739 2913 797 2954; x_wconf 93' lang='lat' dir='ltr'>vos</span> <span class='ocrx_word' id='word_1_183' title='bbox 827 2890 1018 2954; x_wconf 90' lang='lat' dir='ltr'>collocamus</span> <span class='ocrx_word' id='word_1_184' title='bbox 1046 2887 1224 2971; x_wconf 87' lang='lat' dir='ltr'>iniquilatis</span> <span class='ocrx_word' id='word_1_185' title='bbox 1256 2887 1325 2950; x_wconf 89' lang='lat' dir='ltr'>odii</span> 
     </span>
     <span class='ocr_line' id='line_1_24' title="bbox 148 2983 1327 3079; baseline -0.003 -21"><span class='ocrx_word' id='word_1_186' title='bbox 148 3017 222 3078; x_wconf 73' lang='lat' dir='ltr'>erpo</span> <span class='ocrx_word' id='word_1_187' title='bbox 257 3019 373 3060; x_wconf 91' lang='lat' dir='ltr'>nomen</span> <span class='ocrx_word' id='word_1_188' title='bbox 397 2995 658 3061; x_wconf 85' lang='lat' dir='ltr'>Christianorum.</span> <span class='ocrx_word' id='word_1_189' title='bbox 695 3000 714 3060; x_wconf 84' lang='lat'><strong>2</strong></span> <span class='ocrx_word' id='word_1_190' title='bbox 740 2994 807 3078; x_wconf 87' lang='grc'>(14)</span> <span class='ocrx_word' id='word_1_191' title='bbox 831 2996 945 3079; x_wconf 87' lang='lat' dir='ltr'>Itaque</span> <span class='ocrx_word' id='word_1_192' title='bbox 970 2996 1084 3058; x_wconf 90' lang='lat' dir='ltr'>necin</span> <span class='ocrx_word' id='word_1_193' title='bbox 1112 2993 1166 3056; x_wconf 94' lang='lat' dir='ltr'>illo</span> <span class='ocrx_word' id='word_1_194' title='bbox 1183 2983 1327 3056; x_wconf 80' lang='grc'>11611111</span> 
     </span>
    </p>
   </div>
   <div class='ocr_carea' id='block_1_5' title="bbox 46 3098 1327 3189">
    <p class='ocr_par' dir='ltr' id='par_1_6' title="bbox 46 3098 1327 3189">
     <span class='ocr_line' id='line_1_25' title="bbox 46 3098 1327 3189; baseline -0.004 -23"><span class='ocrx_word' id='word_1_195' title='bbox 46 3157 50 3166; x_wconf 88' lang='grc'><em>.</em></span> <span class='ocrx_word' id='word_1_196' title='bbox 148 3102 302 3166; x_wconf 89' lang='lat' dir='ltr'>malorum</span> <span class='ocrx_word' id='word_1_197' title='bbox 336 3098 577 3167; x_wconf 80' lang='lat' dir='ltr'>iudicandorum</span> <span class='ocrx_word' id='word_1_198' title='bbox 609 3107 702 3189; x_wconf 83' lang='lat' dir='ltr'>agitis</span> <span class='ocrx_word' id='word_1_199' title='bbox 735 3125 810 3187; x_wconf 79' lang='lat' dir='ltr'>erpo</span> <span class='ocrx_word' id='word_1_200' title='bbox 838 3125 896 3165; x_wconf 88' lang='lat' dir='ltr'>nos</span> <span class='ocrx_word' id='word_1_201' title='bbox 923 3099 935 3135; x_wconf 70' lang='lat'><strong>²</strong></span> <span class='ocrx_word' id='word_1_202' title='bbox 971 3103 990 3163; x_wconf 93' lang='grc'>2</span> <span class='ocrx_word' id='word_1_203' title='bbox 1015 3099 1081 3181; x_wconf 90' lang='grc'>(15)</span> <span class='ocrx_word' id='word_1_204' title='bbox 1106 3107 1259 3184; x_wconf 87' lang='lat' dir='ltr'>suspecta</span> <span class='ocrx_word' id='word_1_205' title='bbox 1283 3102 1327 3162; x_wconf 91' lang='lat' dir='ltr'>sit</span> 
     </span>
    </p>
   </div>
   <div class='ocr_carea' id='block_1_6' title="bbox 148 3196 1326 3719">
    <p class='ocr_par' dir='ltr' id='par_1_7' title="bbox 148 3196 1326 3719">
     <span class='ocr_line' id='line_1_26' title="bbox 150 3196 1326 3294; baseline -0.003 -23"><span class='ocrx_word' id='word_1_206' title='bbox 150 3211 211 3272; x_wconf 90' lang='lat' dir='ltr'>ista</span> <span class='ocrx_word' id='word_1_207' title='bbox 234 3196 437 3294; x_wconf 85' lang='lat' dir='ltr'>perversitas,</span> <span class='ocrx_word' id='word_1_208' title='bbox 462 3233 502 3274; x_wconf 93' lang='lat' dir='ltr'>ne</span> <span class='ocrx_word' id='word_1_209' title='bbox 526 3233 588 3294; x_wconf 90' lang='lat' dir='ltr'>qua</span> <span class='ocrx_word' id='word_1_210' title='bbox 610 3213 660 3274; x_wconf 84' lang='lat' dir='ltr'>vis</span> <span class='ocrx_word' id='word_1_211' title='bbox 677 3211 775 3274; x_wconf 88' lang='lat' dir='ltr'>lateat</span> <span class='ocrx_word' id='word_1_212' title='bbox 790 3212 822 3272; x_wconf 89' lang='lat' dir='ltr'>in</span> <span class='ocrx_word' id='word_1_213' title='bbox 839 3209 973 3285; x_wconf 75' lang='lat' dir='ltr'>occulto,</span> <span class='ocrx_word' id='word_1_214' title='bbox 992 3229 1072 3292; x_wconf 90' lang='lat' dir='ltr'>quae</span> <span class='ocrx_word' id='word_1_215' title='bbox 1089 3228 1148 3270; x_wconf 83' lang='lat' dir='ltr'>ros</span> <span class='ocrx_word' id='word_1_216' title='bbox 1164 3207 1326 3269; x_wconf 76' lang='lat' dir='ltr'>advorsus</span> 
     </span>
     <span class='ocr_line' id='line_1_27' title="bbox 150 3310 1326 3398; baseline -0.003 -22"><span class='ocrx_word' id='word_1_217' title='bbox 150 3315 295 3393; x_wconf 78' lang='lat' dir='ltr'>formam,</span> <span class='ocrx_word' id='word_1_218' title='bbox 320 3317 475 3379; x_wconf 80' lang='lat' dir='ltr'>adoersus</span> <span class='ocrx_word' id='word_1_219' title='bbox 499 3324 642 3380; x_wconf 86' lang='lat' dir='ltr'>naturam</span> <span class='ocrx_word' id='word_1_220' title='bbox 666 3316 839 3392; x_wconf 87' lang='lat' dir='ltr'>iudicandi,</span> <span class='ocrx_word' id='word_1_221' title='bbox 863 3320 976 3378; x_wconf 80' lang='lat' dir='ltr'>contro</span> <span class='ocrx_word' id='word_1_222' title='bbox 992 3316 1078 3398; x_wconf 91' lang='lat' dir='ltr'>ipsas</span> <span class='ocrx_word' id='word_1_223' title='bbox 1095 3333 1222 3395; x_wconf 88' lang='lat' dir='ltr'>quoque</span> <span class='ocrx_word' id='word_1_224' title='bbox 1235 3310 1326 3394; x_wconf 85' lang='lat' dir='ltr'>leges</span> 
     </span>
     <span class='ocr_line' id='line_1_28' title="bbox 149 3415 1326 3506; baseline -0.003 -23"><span class='ocrx_word' id='word_1_225' title='bbox 149 3423 315 3485; x_wconf 88' lang='lat' dir='ltr'>ministret.</span> <span class='ocrx_word' id='word_1_226' title='bbox 341 3424 361 3484; x_wconf 91' lang='grc'>4</span> <span class='ocrx_word' id='word_1_227' title='bbox 386 3420 451 3496; x_wconf 89' lang='grc'>(22)</span> <span class='ocrx_word' id='word_1_228' title='bbox 475 3422 515 3486; x_wconf 88' lang='lat' dir='ltr'>ad</span> <span class='ocrx_word' id='word_1_229' title='bbox 540 3422 770 3506; x_wconf 82' lang='lat' dir='ltr'>suggillandam</span> <span class='ocrx_word' id='word_1_230' title='bbox 793 3421 857 3485; x_wconf 91' lang='lat' dir='ltr'>odii</span> <span class='ocrx_word' id='word_1_231' title='bbox 881 3428 955 3504; x_wconf 77' lang='lat' dir='ltr'>erqo</span> <span class='ocrx_word' id='word_1_232' title='bbox 978 3441 1036 3482; x_wconf 87' lang='lat' dir='ltr'>nos</span> <span class='ocrx_word' id='word_1_233' title='bbox 1060 3418 1179 3503; x_wconf 85' lang='lat' dir='ltr'>publici</span> <span class='ocrx_word' id='word_1_234' title='bbox 1202 3415 1326 3501; x_wconf 88' lang='lat' dir='ltr'>iniq&#39;ui·</span> 
     </span>
     <span class='ocr_line' id='line_1_29' title="bbox 149 3525 1325 3612; baseline -0.002 -22"><span class='ocrx_word' id='word_1_235' title='bbox 149 3535 257 3592; x_wconf 89' lang='lat' dir='ltr'>tatem.</span> <span class='ocrx_word' id='word_1_236' title='bbox 284 3531 304 3590; x_wconf 91' lang='grc'>4</span> <span class='ocrx_word' id='word_1_237' title='bbox 328 3529 393 3602; x_wconf 80' lang='grc'>(23)</span> <span class='ocrx_word' id='word_1_238' title='bbox 418 3529 522 3612; x_wconf 83' lang='lat' dir='ltr'>legum</span> <span class='ocrx_word' id='word_1_239' title='bbox 546 3529 721 3592; x_wconf 87' lang='lat' dir='ltr'>obstruitur</span> <span class='ocrx_word' id='word_1_240' title='bbox 743 3530 914 3593; x_wconf 88' lang='lat' dir='ltr'>auctoritas</span> <span class='ocrx_word' id='word_1_241' title='bbox 938 3529 1093 3590; x_wconf 81' lang='lat' dir='ltr'>aduersas</span> <span class='ocrx_word' id='word_1_242' title='bbox 1117 3548 1196 3590; x_wconf 89' lang='lat' dir='ltr'>eam.</span> <span class='ocrx_word' id='word_1_243' title='bbox 1223 3525 1325 3599; x_wconf 88' lang='grc'>5(32)</span> 
     </span>
     <span class='ocr_line' id='line_1_30' title="bbox 148 3614 1323 3719; baseline -0.002 -23"><span class='ocrx_word' id='word_1_244' title='bbox 148 3635 259 3717; x_wconf 90' lang='lat' dir='ltr'>quales</span> <span class='ocrx_word' id='word_1_245' title='bbox 288 3657 363 3718; x_wconf 82' lang='lat' dir='ltr'>ergo</span> <span class='ocrx_word' id='word_1_246' title='bbox 386 3635 473 3718; x_wconf 86' lang='lat' dir='ltr'>leges</span> <span class='ocrx_word' id='word_1_247' title='bbox 497 3637 576 3699; x_wconf 88' lang='lat' dir='ltr'>istae</span> <span class='ocrx_word' id='word_1_248' title='bbox 601 3658 678 3719; x_wconf 89' lang='lat' dir='ltr'>quas</span> <span class='ocrx_word' id='word_1_249' title='bbox 703 3614 857 3698; x_wconf 72' lang='lat' dir='ltr'>adsersus</span> <span class='ocrx_word' id='word_1_250' title='bbox 881 3655 939 3696; x_wconf 91' lang='lat' dir='ltr'>nos</span> <span class='ocrx_word' id='word_1_251' title='bbox 963 3633 1022 3695; x_wconf 89' lang='lat' dir='ltr'>soli</span> <span class='ocrx_word' id='word_1_252' title='bbox 1046 3638 1196 3696; x_wconf 85' lang='lat' dir='ltr'>exercent</span> <span class='ocrx_word' id='word_1_253' title='bbox 1219 3632 1323 3716; x_wconf 90' lang='lat' dir='ltr'>impii.</span> 
     </span>
    </p>
   </div>
   <div class='ocr_carea' id='block_1_7' title="bbox 147 3831 1327 4080">
    <p class='ocr_par' dir='ltr' id='par_1_8' title="bbox 147 3831 1327 4080">
     <span class='ocr_line' id='line_1_31' title="bbox 190 3831 1325 3903; baseline 0 -17"><span class='ocrx_word' id='word_1_254' title='bbox 190 3833 197 3858; x_wconf 91' lang='lat'>¹</span> <span class='ocrx_word' id='word_1_255' title='bbox 226 3834 338 3887; x_wconf 81' lang='lat' dir='ltr'>Kiilmer</span> <span class='ocrx_word' id='word_1_256' title='bbox 365 3834 404 3887; x_wconf 91' lang='lat' dir='ltr'>II.</span> <span class='ocrx_word' id='word_1_257' title='bbox 431 3834 447 3900; x_wconf 64' lang='grc' dir='ltr'><strong>ἕ</strong></span> <span class='ocrx_word' id='word_1_258' title='bbox 473 3833 1089 3903; x_wconf 50' lang='grc'>1611111111111111.1181111111</span> <span class='ocrx_word' id='word_1_259' title='bbox 1109 3849 1167 3902; x_wconf 85' lang='lat' dir='ltr'>sqq.</span> <span class='ocrx_word' id='word_1_260' title='bbox 1186 3831 1282 3885; x_wconf 70' lang='lat' dir='ltr'>Holtna</span> <span class='ocrx_word' id='word_1_261' title='bbox 1301 3834 1325 3886; x_wconf 95' lang='lat' dir='ltr'>I.</span> 
     </span>
     <span class='ocr_line' id='line_1_32' title="bbox 147 3922 1160 3992; baseline -0.003 -15"><span class='ocrx_word' id='word_1_262' title='bbox 147 3940 177 3992; x_wconf 78' lang='lat' dir='ltr'>p.</span> <span class='ocrx_word' id='word_1_263' title='bbox 197 3923 248 3977; x_wconf 85' lang='grc'>209</span> <span class='ocrx_word' id='word_1_264' title='bbox 270 3940 310 3992; x_wconf 91' lang='lat' dir='ltr'>sq.</span> <span class='ocrx_word' id='word_1_265' title='bbox 328 3923 446 3990; x_wconf 69' lang='lat' dir='ltr'>Draoqer</span> <span class='ocrx_word' id='word_1_266' title='bbox 464 3922 487 3976; x_wconf 91' lang='grc' dir='ltr'>Ι.</span> <span class='ocrx_word' id='word_1_267' title='bbox 507 3939 533 3992; x_wconf 87' lang='lat' dir='ltr'>p.</span> <span class='ocrx_word' id='word_1_268' title='bbox 554 3923 605 3976; x_wconf 81' lang='grc'>550</span> <span class='ocrx_word' id='word_1_269' title='bbox 624 3939 681 3992; x_wconf 89' lang='lat' dir='ltr'>sqq.</span> <span class='ocrx_word' id='word_1_270' title='bbox 1157 3967 1160 3974; x_wconf 64' lang='lat'>.</span> 
     </span>
     <span class='ocr_line' id='line_1_33' title="bbox 189 4009 1327 4080; baseline -0.002 -16"><span class='ocrx_word' id='word_1_271' title='bbox 189 4009 328 4065; x_wconf 75' lang='lat' dir='ltr'>⁹Ronsch</span> <span class='ocrx_word' id='word_1_272' title='bbox 356 4011 380 4064; x_wconf 93' lang='lat' dir='ltr'>I.</span> <span class='ocrx_word' id='word_1_273' title='bbox 406 4028 434 4064; x_wconf 91' lang='lat' dir='ltr'>u.</span> <span class='ocrx_word' id='word_1_274' title='bbox 453 4012 489 4065; x_wconf 89' lang='lat' dir='ltr'>V.</span> <span class='ocrx_word' id='word_1_275' title='bbox 508 4027 535 4080; x_wconf 92' lang='lat' dir='ltr'>p.</span> <span class='ocrx_word' id='word_1_276' title='bbox 555 4011 607 4065; x_wconf 85' lang='grc'>398</span> <span class='ocrx_word' id='word_1_277' title='bbox 625 4010 652 4064; x_wconf 94' lang='lat' dir='ltr'>h.</span> <span class='ocrx_word' id='word_1_278' title='bbox 672 4010 689 4063; x_wconf 95' lang='lat' dir='ltr'>l.</span> <span class='ocrx_word' id='word_1_279' title='bbox 709 4027 771 4077; x_wconf 74' lang='lat' dir='ltr'>erpo</span> <span class='ocrx_word' id='word_1_280' title='bbox 790 4026 839 4079; x_wconf 88' lang='lat' dir='ltr'>pro</span> <span class='ocrx_word' id='word_1_281' title='bbox 857 4009 932 4063; x_wconf 73' lang='lat' dir='ltr'>circo</span> <span class='ocrx_word' id='word_1_282' title='bbox 950 4009 1156 4078; x_wconf 85' lang='lat' dir='ltr'>scriptumesse</span> <span class='ocrx_word' id='word_1_283' title='bbox 1174 4009 1327 4062; x_wconf 84' lang='lat' dir='ltr'>existimat.</span> 
     </span>
    </p>
   </div>
   <div class='ocr_carea' id='block_1_8' title="bbox 0 0 1400 4500">
    <p class='ocr_par' dir='ltr' id='par_1_9' title="bbox 0 0 1400 4500">
     <span class='ocr_line' id='line_1_34' title="bbox 0 0 1400 4500; baseline 0 0"><span class='ocrx_word' id='word_1_284' title='bbox 0 0 1400 4500; x_wconf 95' lang='lat' dir='ltr'> </span> 
     </span>
    </p>
   </div>
  </div>
 </body>
</html>
