2808 4492
650 181 702 243 871

78 377 233 442 denotant
263 374 348 459 quod
371 374 519 450 laudant3
543 374 693 438 caecitate
715 373 785 437 odii
806 375 838 436 in
863 373 1046 456 suffragium
1071 354 1250 456 inpingunt.

78 480 170 564 4122)
206 482 315 566 Atque
350 480 430 544 adeo
462 482 553 564 quasi
577 479 738 564 praefatus
762 479 841 543 haec
865 477 906 542 ad
930 476 1161 561 suggillandam
1184 475 1253 538 odii

77 612 153 674 erga
187 610 246 652 nos
282 586 401 673 publici
433 587 654 669 iniquitatem,
680 588 742 649 iam
765 585 805 649 de
829 607 926 649 causa
950 567 1149 647 innocentiae
1174 603 1250 645 oon-

77 698 190 760 sistam
224 717 294 779 sqq.
330 694 510 757 Necessitas
548 693 694 775 obsequii
709 726 712 730 ·
727 718 769 746 =
808 693 1022 756 necessarium
1050 689 1248 772 obsequium.

77 799 168 882 4(23)
205 799 269 864 Sed
304 801 463 883 quoniam,
499 821 572 862 cum
606 798 647 862 ad
682 801 788 862 omnia
817 799 956 866 occurrit
990 797 1107 876 ueritas
1132 801 1250 870 nostra,

78 917 241 993 postremo
264 906 369 990 legum
392 904 568 969 obstruitur
591 907 762 969 auctoritas
787 903 942 969 adversus
966 927 1045 981 eam,
1061 900 1253 965 utautnihil

77 1013 205 1078 dicatur
238 1010 473 1076 retractandum
508 1032 579 1074 esse
615 1020 688 1096 post
721 1013 808 1096 leges
844 1019 898 1075 aut
925 1012 1055 1095 ingratis
1079 1007 1252 1072 necessitas
1280 1025 1288 1037 ·

77 1119 226 1202 obsequii
248 1116 446 1204 praeferatur
468 1119 605 1195 veritati,
630 1117 670 1181 de
694 1116 817 1202 legibus
841 1120 929 1202 prius
942 1138 1129 1181 concurram
1143 1113 1252 1178 vobis-

78 1249 153 1288 cum
177 1233 212 1288 ut
235 1247 308 1288 cum
331 1222 488 1287 tutoribus
512 1224 627 1308 legum.
655 1225 789 1288 Silentii
811 1225 892 1306 fides
906 1221 995 1304 7140)
1009 1223 1062 1286 Ab
1076 1223 1154 1306 ipsis
1168 1222 1252 1284 enim

77 1334 141 1396 reis
174 1352 238 1394 non
267 1332 386 1413 utique,
407 1352 479 1393 cum
503 1330 554 1394 vel
579 1352 617 1393 ex
642 1329 745 1394 iorma
768 1329 914 1395 omnibus
941 1330 1099 1414 mysteriis
1126 1325 1253 1390 silentii

76 1440 162 1520 fides
185 1435 338 1501 debeatur
353 1419 378 1499 l.
404 1436 581 1519 Inqeniuni
594 1437 834 1514 aeniutationis,
848 1437 1026 1500 uibitnurn
1041 1432 1250 1517 suspicionis.

79 1541 173 1625 7142)
207 1541 333 1606 Exinde
369 1544 401 1604 in
436 1541 583 1622 traduces
618 1542 795 1627 linguarum
820 1546 996 1607 staurium
1020 1542 1129 1625 serpit,
1154 1539 1253 1602 etita

77 1649 199 1714 modici
249 1651 377 1712 seminis
424 1651 535 1710 vitium
581 1658 687 1714 cetera
724 1653 858 1713 rumoris
894 1650 1053 1725 obseurat,
1089 1655 1125 1710 ut
1159 1666 1252 1708 nemo

76 1757 245 1840 recogitet,
281 1777 320 1818 ne
356 1757 492 1840 primum
526 1754 604 1820 illud
637 1778 672 1819 os
704 1756 904 1820 mendacium
928 1756 1141 1830 seminaverit,
1167 1748 1253 1837 quod

77 1884 177 1946 saepe
220 1861 254 1924 iit
267 1870 337 1938 ‚aut
369 1862 500 1943 inqenio
534 1863 766 1925 contulationis
801 1873 855 1926 aut
881 1863 1020 1926 arbitrio
1053 1858 1253 1943 suspicionis

75 1979 134 2032 aut
171 1989 235 2054 nop
269 1989 353 2032 nova
392 1967 448 2031 sed
484 1970 624 2052 ingenita
658 1959 847 2052 quibusdam
878 1967 1051 2032 mentiendi
1081 1966 1253 2051 voluptate.

77 2076 241 2139 Jsrstitiue
274 2075 463 2138 innocentia
500 2072 633 2157 181100)
663 2075 764 2142 Viros
788 2079 873 2140 enim
895 2076 1042 2139 iustitiae
1065 2072 1255 2136 innuentia

78 2183 199 2266 dignos
234 2181 329 2245 deum
364 2203 458 2245 nosse
493 2189 525 2245 et
561 2183 728 2247 ostendere
763 2206 782 2248 a
817 2182 989 2269 primordio
1025 2183 1057 2245 in
1093 2179 1254 2244 saeculum
1340 2208 1342 2212 ·

76 2290 189 2353 emisit
223 2289 335 2372 spiritu
368 2287 479 2350 divino
511 2288 681 2353 inundatos
714 2313 784 2374 sqq.
821 2287 973 2370 (iustitio,
999 2287 1186 2351 innocentia
1210 2307 1253 2360 a.;

78 2396 214 2460 iustitia
248 2416 285 2458 ac
319 2395 507 2458 innocentia
546 2393 594 2469 b.;
630 2397 761 2459 iustitio
793 2403 822 2460 et
858 2395 1044 2459 innocentio
1067 2389 1165 2472 cdef.)
1198 2391 1254 2453 Vis

76 2490 273 2592 cataclysmi
318 2498 449 2582 191106)
493 2510 524 2564 et
566 2524 640 2565 mox
674 2503 819 2567 ultricem
853 2503 1028 2587 iniquitatis
1063 2500 1147 2563 illius
1183 2499 1253 2562 aevi

75 2610 150 2671 'rim
198 2607 388 2690 cataclysmi
436 2605 476 2670 de
527 2612 697 2693 praeterito
749 2631 879 2674 exorsus
928 2617 986 2672 est.
1038 2605 1255 2688 Frequentius

78 2713 242 2778 mortiurn
276 2739 318 2765 =
353 2713 536 2797 trequentes
572 2724 689 2800 mortes
725 2713 860 2797 sonis)
896 2714 981 2799 qnod
1017 2715 1122 2797 regnis
1157 2732 1255 2794 regna

77 2820 294 2904 compulsant,
331 2818 415 2903 quod
448 2819 549 2884 fames
581 2830 613 2885 et
635 2823 704 2886 lues
728 2830 759 2886 et
782 2823 899 2886 locales
924 2842 1068 2905 quaeque
1092 2817 1199 2882 clades
1224 2824 1256 2879 et

75 2926 287 3010 frequentiae
296 2926 484 3012 plerumque
496 2931 654 2993 rnortiurn
667 2938 794 2993 vastant
806 2938 881 2993 cett.
889 2927 1255 3012 (frequentiueplcrrun-

77 3055 144 3116 qne
179 3035 338 3097 rnortiune
376 3033 564 3101 ABEFtde.
600 3036 750 3100 Ambros.
785 3035 908 3100 Erfurt.
948 3035 1054 3098 Oxon.
1080 3031 1254 3096 Pameliani

75 3161 212 3216 omnes3
251 3140 475 3223 frequentium
503 3144 698 3226 plerumque
733 3144 894 3205 montium
931 3138 1082 3222 (motiurn
1105 3139 1160 3211 D.)
1183 3136 1253 3212 Da3

74 3246 287 3329 frequentiae
305 3249 500 3330 plerumque
524 3248 858 3324 rnontiurnVindob.;
872 3246 1254 3331 efferuentininplerurn·
1334 3309 1337 3315 ,

75 3373 143 3434 que
167 3352 333 3415 montium
356 3353 397 3430 b;
408 3353 621 3437 frequentiae
640 3358 833 3439 pterrunqne
845 3361 990 3419 mortuae
1002 3376 1020 3417 c
1031 3377 1039 3428 ;
1052 3350 1255 3436 frequentiae

69 3459 275 3543 plerumque
292 3461 433 3524 ›nontide
449 3459 496 3538 G;
509 3462 712 3545 frequentiae
721 3464 876 3545 pleraque
887 3462 1049 3524 isontium
1063 3458 1087 3521 i.
1101 3457 1254 3534 Havero,

119 3666 273 3720 ¹Fortasse
300 3667 468 3722 Tertulliano
494 3670 522 3722 in
547 3675 638 3724 mente
662 3670 716 3724 fuit
743 3670 877 3724 Horatius
906 3669 930 3722 3.
965 3668 989 3721 2.
1008 3669 1043 3722 25
1063 3675 1118 3735 ,est
1136 3675 1164 3722 et
1181 3667 1258 3737 fideli

74 3763 143 3811 tuta
171 3755 280 3808 edentia
307 3759 432 3810 merces.l
462 3758 508 3811 Ita
523 3775 587 3812 cum
606 3759 660 3828 Ap.
679 3759 713 3811 25
731 3757 805 3826 (164)
826 3764 867 3824 ,et
885 3759 939 3812 illis
957 3758 1106 3828 imperium
1123 3759 1183 3812 sine
1200 3736 1282 3826 stne⁶

73 3844 249 3899 decernunt’
270 3845 464 3899 eonferendum
486 3853 527 3900 est
545 3847 613 3901 illud
633 3847 823 3916 Vergilianum
842 3848 865 3900 Ι.
885 3847 937 3902 279
959 3848 1016 3912 ,his
1034 3864 1084 3917 ego
1103 3863 1152 3901 nec
1170 3851 1256 3900 metae

74 3951 175 3988 rerum
194 3949 244 3986 neo
262 3938 386 4004 tempora
403 3951 476 4004 pono
486 3955 493 3998 ς
510 3936 659 4004 imperinm
677 3936 737 3989 sine
754 3937 809 4003 fine
828 3935 915 3990 dedi.”
937 3936 980 3990 of.
1000 3936 1034 3990 de
1052 3934 1176 4006 pluribus
1194 3951 1256 4004 poe·

74 4035 175 4078 tarum
193 4009 394 4078 imitationibus
412 4042 465 4077 vau
482 4025 529 4078 <ur
553 4025 622 4077 rue
643 4025 845 4092 ,numasque
870 4025 946 4079 isos.
