2788 4500
696 171 760 232 ·12

196 367 326 450 operari
348 388 420 429 cum
433 366 544 429 dativo
557 368 709 445 iunctum,
723 365 808 429 idem
820 365 1000 449 significans
1014 363 1114 448 quod:
1127 364 1330 442 incumbere,

151 495 282 558 operam
305 471 394 536 dare:
422 473 437 534 1
465 470 510 553 (3)
534 473 716 536 domesticis
738 473 872 536 iudiciis
894 472 997 534 nimis·
1016 477 1148 554 operata
1159 471 1332 536 infestatio

152 575 289 659 (animis
309 584 441 662 operata
464 587 492 650 λς
517 580 619 642 nimis
642 584 776 642 cunata
799 575 858 658 00).
883 577 1040 641 Absolute
1064 586 1250 663 usurpatum
1264 579 1330 642 hoe

149 684 285 748 ¹verbum
320 692 369 746 est
378 683 390 747 ε’
421 686 463 747 40
502 680 591 764 (216)
627 683 748 747 balneis
783 691 815 747 et
853 684 1016 769 cauponiis
1052 691 1083 746 et
1117 683 1331 769 lupanaribus

150 789 370 872 operantibus.
397 823 437 832 -

192 900 389 977 praeteresse
423 917 448 959 e.
477 895 555 959 Dat.
581 897 622 958 38
648 892 737 976 (197)
763 894 845 959 Cum
868 903 900 959 et
922 897 1000 981 ipsis
1023 895 1118 959 rebus
1142 895 1182 959 de
1206 889 1332 980 quibus

150 1003 369 1085 transiguntur
401 1007 648 1084 praetersumus
685 998 717 1081 (1.
753 1024 780 1065 0.
817 1003 1095 1086 praetermittimus
1131 1023 1183 1065 eas
1217 1024 1283 1081 res,
1311 1026 1329 1066 a

150 1107 266 1192 quibus
291 1108 384 1171 alieni
408 1106 531 1189 sumus)
555 1109 734 1191 aucupantur
750 1109 970 1191 praeterimus
993 1107 1096 1171 Dabo.
1123 1143 1163 1150 —

195 1215 379 1296 delinquere
412 1215 515 1277 alicui
549 1216 590 1278 26
616 1211 705 1295 (166)
731 1216 758 1276 si
779 1215 835 1277 deo
858 1236 922 1277 non
945 1213 1132 1296 deliquisset
1154 1213 1268 1276 ultimo
1293 1216 1328 1274 in

152 1318 324 1382 Christum.
350 1317 393 1400 (si
414 1341 483 1383 non
505 1321 622 1383 ultimo
647 1320 833 1402 deliquisset
854 1319 894 1382 in
921 1319 1089 1383 Christum
1112 1311 1326 1397 01.Ηο0010.)

195 1427 386 1489 renuntiare
410 1434 520 1490 contra
542 1425 660 1489 bonum
682 1448 775 1489 usum
797 1425 952 1489 Dativum
974 1427 1019 1488 rei
1044 1447 1153 1489 secum
1171 1426 1326 1488 coniunc-

150 1539 218 1593 tum
240 1531 372 1608 habens
396 1554 460 1595 non
484 1531 597 1616 legitur
620 1539 693 1595 ante
716 1531 870 1608 anctil.
895 1531 1043 1615 idemque
1066 1539 1236 1614 estatque:
1255 1553 1325 1594 rem

152 1636 289 1722 aliquam
311 1636 488 1722 repudiare,
513 1637 675 1714 abdicare;
701 1639 742 1702 38
767 1636 852 1718 (197)
876 1661 976 1723 aeque
999 1637 1190 1721 spectaculis
1205 1637 1326 1700 uestris

148 1745 183 1805 in
208 1751 329 1806 tantum
351 1745 585 1808 renuntiamus
607 1746 640 1806 in
664 1752 816 1828 quantum
840 1744 1013 1829 originibus
1038 1766 1155 1808 eorum.

194 1870 307 1912 canere
330 1871 354 1912 e.
379 1851 444 1913 dal.
469 1875 511 1902 =
534 1858 630 1913 cantu
652 1849 780 1914 laudare
805 1852 824 1913 2
850 1847 917 1932 (11)
940 1857 1049 1914 coetus
1062 1850 1269 1914 antelucanos
1283 1849 1326 1912 ad

150 1956 334 2019 eei-nendum
368 1956 423 2019 deo
446 1961 476 2019 et
505 1955 646 2031 Christm
672 1957 713 2020 39
739 1953 828 2036 (208)
853 1964 926 2042 post
949 1979 1062 2041 aquam
1085 1955 1264 2020 manualem
1292 1963 1326 2019 et

151 2060 269 2124 lumina
292 2064 539 2145 provocatoria
561 2061 702 2125 medium
724 2063 779 2126 deo
802 2045 925 2126 enuere.

195 2169 348 2250 deputare
382 2191 407 2232 0.
443 2170 508 2232 dat.
546 2170 587 2232 25
624 2165 714 2249 (163)
739 2168 804 2232 Sed
827 2191 922 2252 quam
945 2192 1062 2233 vanum
1085 2176 1133 2233 est
1156 2168 1325 2252 fastigium

149 2273 286 2358 Romani
308 2277 444 2338 nominis
467 2274 682 2358 religiositatis
705 2276 832 2338 meritis
843 2277 1012 2358 deputare:
1037 2277 1078 2339 41
1100 2272 1190 2364 (219)
1203 2273 1326 2341 dehinc

145 2367 224 2464 quia
259 2383 286 2442 si
320 2380 397 2464 quid
431 2379 558 2444 adversi
592 2380 753 2465 infligitur,
778 2382 892 2444 uestris
915 2382 1041 2444 rneritis
1064 2383 1249 2464 deputatur.
1276 2381 1325 2444 cf.

149 2484 285 2570 Vopisc.
310 2486 394 2550 Flor.
419 2487 456 2565 4;
480 2486 687 2551 Klussmann.
713 2486 816 2552 Curae
839 2483 1023 2551 Tertullian.
1049 2511 1080 2571 p.
1106 2488 1158 2551 64.
1184 2487 1235 2550 65.

194 2593 373 2656 Dominari
395 2616 468 2657 oum
491 2592 574 2657 Gen.
599 2602 753 2658 structum
775 2597 941 2680 reperitur,
966 2596 1020 2678 qui
1043 2615 1119 2656 usus
1143 2594 1324 2658 imitatione

149 2697 346 2762 Graecorum
380 2700 532 2784 explicari
555 2708 678 2785 potest;
714 2702 755 2764 26
780 2699 868 2782 (166)
893 2703 982 2765 cuius
1007 2708 1039 2764 et
1062 2699 1156 2764 deum
1179 2700 1324 2763 victimis

151 2813 183 2868 et
216 2805 368 2890 templum
404 2806 496 2870 donis
531 2815 563 2869 et
597 2814 724 2891 gentem
758 2807 941 2872 foederibus
966 2805 1159 2891 aliquamdiu
1182 2805 1325 2868 Romani

148 2910 338 2988 honorastis,
374 2934 544 2996 numquam
579 2913 784 2977 dominaturi
807 2915 887 2992 eius,
912 2916 938 2976 si
962 2913 1023 2976 deo
1046 2934 1113 2975 non
1132 2911 1325 2995 deliquisset

148 3016 258 3079 ultimo
282 3019 315 3080 in
339 3016 510 3081 Christum.
535 3017 578 3082 oi.
603 3018 684 3083 Hor.
709 3042 805 3084 carm.
831 3023 861 3084 3.
886 3021 938 3084 30.
966 3021 1023 3083 12:
1047 3019 1193 3103 regnavit
1216 3040 1323 3104 popu-

55 3110 57 3115 ·
149 3124 250 3187 lorum
276 3125 385 3204 (ἄρχειν
402 3122 509 3204 τινος);
533 3124 579 3191 V.
603 3125 737 3190 Archiv.
765 3126 793 3189 7.
822 3127 894 3191 120.
920 3161 961 3169 -

194 3251 326 3294 coenare
349 3253 421 3294 oum
445 3230 506 3294 abl.
533 3232 551 3294 9
578 3228 645 3312 (52)
672 3235 745 3296 item
757 3233 802 3295 illi
819 3235 873 3317 qui
886 3233 926 3297 de
938 3256 1033 3298 arena
1044 3234 1164 3317 ferinis
1176 3232 1324 3296 obsoniis

148 3345 285 3401 coenant
307 3333 381 3418 (nisi
403 3337 486 3400 forte
509 3337 679 3422 legendum
702 3348 766 3403 est:
791 3339 831 3403 de
855 3361 968 3404 arenae
991 3340 1102 3404 ferinis
1126 3337 1292 3418 obsoniis.)

193 3443 363 3506 eliminare
385 3437 495 3525 aliquo
520 3445 585 3508 loeo
610 3447 628 3508 6
654 3441 721 3526 (36)
745 3444 897 3508 Liberum
919 3445 1048 3510 Patrem
1071 3469 1144 3511 cum
1158 3447 1321 3528 mysteriis

149 3550 214 3610 suis
238 3549 384 3612 consules
409 3557 536 3613 senatus
561 3553 756 3615 auctoritate·
772 3574 835 3615 non
857 3552 952 3616 modo
975 3554 1064 3631 urbe,
1089 3552 1147 3617 scd
1162 3552 1320 3616 uniuersa

149 3653 249 3717 Italia
269 3651 532 3718 eliminauerunt.

192 3762 273 3824 olere
296 3781 322 3824 e.
344 3761 405 3824 abl.
436 3765 447 3800 ¹
476 3784 533 3846 pro
557 3785 623 3828 acc.
638 3772 792 3828 structum
805 3765 847 3828 46
862 3763 954 3846 (212)
972 3765 1040 3829 Olet
1052 3765 1319 3829 adhucineendlo

188 3985 332 4040 ¹nunna
349 4004 394 4056 pg.
414 3987 473 4040 211.
493 3986 518 4040 3.
560 3971 562 3977 ’
