2808 4492
484 273 535 343 g
648 263 689 324 99

76 468 170 524 ourat
193 482 264 544 sqq.
289 459 479 523 Necessaria
501 458 586 521 uitae
612 453 722 537 luti)
746 455 895 544 Denique
919 459 1081 521 invenisse
1103 457 1253 550 dicuntur

43 623 45 628 .
77 567 262 630 necessaria
276 567 342 629 ista
353 566 447 642 vitoe,
462 587 526 628 non
537 565 722 627 instituisse.
741 562 851 626 Getam
864 563 1098 626 memoriarum
1112 561 1247 644 18(103)

78 673 335 736 Ptolemaeorum
381 670 612 736 eruditissimus
652 704 692 712 -
739 671 822 732 inter
867 675 968 733 oetam
1014 670 1250 733 memmriurm'm

77 778 264 860 (memoriae
299 804 341 830 =
374 774 517 856 annales)
552 810 594 818 -
628 775 726 838 libros
761 797 780 856 a
813 774 945 850 Judaeis
980 797 1106 861 quoque
1142 786 1252 862 postu-

77 886 169 950 lavit.
195 920 235 928 -
345 930 347 935 -

74 1184 298 1251 Adisativa
321 1179 369 1250 'et
392 1182 613 1265 Partiaipia
634 1201 709 1265 ‚pro
733 1182 1001 1248 substantivis
1024 1184 1221 1264 usurpata
1243 1182 1253 1218 ¹

124 1293 245 1357 Notum
269 1299 319 1356 est
341 1294 373 1354 in
397 1292 505 1374 lingua
527 1289 643 1354 Latina
666 1293 804 1376 optimae
827 1293 940 1354 aetatis
956 1290 1040 1354 hune
1052 1313 1145 1353 usum
1157 1289 1251 1354 valde

73 1403 228 1484 exiguum
252 1400 410 1482 certisque
433 1398 575 1461 terminis
599 1379 874 1483 circumscriptum
890 1397 990 1460 fuisse
1003 1405 1036 1461 et
1047 1397 1108 1460 hae
1121 1396 1251 1480 quidem

75 1508 202 1570 ratione
226 1503 405 1568 adhibitum
428 1499 514 1566 l⁰in
537 1503 716 1581 adieetivis,
740 1526 820 1588 quae
848 1505 1028 1582 amicitiam,
1057 1505 1248 1587 consangui-

75 1615 212 1676 nitatem
247 1619 306 1674 eto.
344 1609 531 1693 significant,
567 1609 672 1673 velut:
696 1618 860 1694 cognatus
884 1613 1095 1686 necessarius
1120 1613 1250 1687 amiauS,

16 1795 17 1802 ἵ
74 1719 237 1794 inimicus,
261 1709 398 1800 gentilis,
424 1716 575 1799 aequalis,
600 1715 728 1793 sodalis
753 1717 803 1780 ull.
829 1712 862 1779 2⁰
884 1719 916 1780 in
936 1717 1109 1801 ,adieetivis
1134 1751 1175 1760 -
1189 1719 1249 1780 im-

75 1826 189 1910 primis
225 1825 257 1887 in
291 1845 422 1886 numero
457 1823 570 1908 plurali
606 1857 646 1866 -
677 1845 758 1907 quae
781 1846 880 1908 genus
905 1822 1066 1908 quoddam
1088 1824 1250 1888 hominum
1319 1848 1326 1861 ·

72 1939 168 1996 certa
191 1928 328 2014 quadam
352 1928 503 2013 qualitate
527 1928 702 2013 praeditum
728 1929 906 2014 designant,
919 1930 1024 1993 velut:
1038 1929 1134 2008 doeti,
1148 1930 1250 2016 probi,

75 2040 132 2122 pii,
169 2035 287 2100 divites
301 2085 308 2098 .
324 2085 353 2098 ..
392 2031 424 2098 3⁰
458 2035 618 2100 adieetiva
651 2044 682 2099 et
713 2038 881 2122 partieipia
904 2038 1046 2100 neutrius
1069 2038 1194 2120 generis
1218 2038 1251 2101 iu

73 2144 175 2208 Nom.
200 2150 232 2206 et
255 2144 338 2206 Aoo.
362 2142 449 2204 Plur.
474 2165 532 2227 pro
557 2141 766 2207 substantivis
790 2145 935 2228 usurpari
959 2151 1102 2228 possunt.
1129 2143 1250 2206 -Eae

72 2251 177 2336 leges,
220 2248 335 2334 quibus
371 2250 542 2334 scriptores
577 2249 715 2312 melioris
751 2251 864 2313 aetatis
898 2249 1098 2326 tenebantur,
1135 2250 1253 2312 sensim

73 2357 296 2442 paulatimque
332 2354 568 2419 evanescebant
603 2363 635 2419 et
658 2354 818 2420 adieetiva
840 2357 1071 2441 partieipiaque
1095 2377 1153 2440 pro
1177 2356 1252 2419 sub·

72 2465 229 2528 stantivis
264 2470 416 2547 usurpato
450 2463 551 2545 magis
585 2463 749 2546 magisque
773 2465 804 2525 in
830 2464 984 2547 sequioris
1009 2463 1122 2525 aetatis
1146 2462 1252 2526 latini-

70 2579 178 2634 tatem
212 2571 424 2653 irrepserunt;
460 2570 550 2632 euius
585 2590 661 2632 usus
693 2567 772 2632 haee
796 2557 951 2653 exempla,
977 2590 1016 2631 ex
1039 2567 1251 2653 Apologetieo

72 2684 216 2761 sumpta,
242 2682 435 2759 sequantur:

115 2868 149 2934 1.
197 2866 416 2933 Adisativa
447 2865 660 2932 masculini
689 2868 732 2932 et
754 2865 937 2932 feminini
959 2866 1130 2948 generis.
1154 2867 1188 2949 a)
1212 2871 1251 2933 m

65 2976 205 3062 plurali
238 2997 385 3040 nurnero.
421 2971 511 3056 aut)
546 2973 635 3050 Quid
670 2997 765 3051 nuno,
801 2975 861 3038 etsi
895 2976 957 3038 ista
991 2977 1096 3038 omnia
1123 2977 1251 3059 ipatums

68 3090 315 3170 praeparantur,
351 3089 437 3145 certe
472 3089 584 3166 postea
618 3089 816 3164 cognoscunt
851 3089 883 3144 et
906 3083 1064 3145 sustinent
1087 3091 1119 3146 et
1142 3085 1249 3168 ignos-

66 3191 179 3254 cunt?
215 3223 256 3231 —
283 3183 393 3268 10(61)
418 3188 470 3250 vel
494 3209 533 3250 ex
559 3187 789 3251 consuetudine
811 3187 959 3265 humana,
985 3210 1047 3272 qua
1068 3189 1174 3271 e'pmoto'
1196 3189 1248 3252 vel

65 3319 110 3361 ex
137 3295 303 3379 inopinato
328 3292 516 3378 adparentes
541 3292 581 3356 de
604 3293 693 3356 eaelo
717 3295 940 3379 supervenisse
957 3292 1114 3357 dicuntur.
1137 3291 1247 3376 11(66)

66 3402 104 3466 Si
145 3403 231 3464 enim
266 3422 324 3463 vos
362 3399 481 3463 tulimus
516 3398 684 3484 puniendis
718 3398 916 3484 praesidetis,
946 3439 963 3476 ‚p
988 3440 1004 3477 *
1030 3439 1046 3477 *
1071 3400 1149 3484 quid
1173 3409 1248 3485 ergo'

63 3509 234 3574 damnatis
259 3529 392 3591 quorum
416 3505 554 3591 oolle'gas
578 3505 743 3570 adoratis?
762 3502 872 3586 iltt8)
886 3504 1016 3581 Quanto
1030 3506 1156 3591 dignius
1169 3509 1247 3572 istos

63 3615 154 3679 deos
187 3613 240 3675 ille
264 3611 477 3676 adsumendos
502 3619 712 3696 expectasset,
737 3613 900 3696 praescius
923 3614 1032 3696 utique
1054 3615 1247 3696 potiorum?

106 3824 116 3850 ¹
149 3822 285 3890 Draeyer:
314 3821 388 3874 Hist.
418 3820 497 3889 Synt.
525 3820 549 3874 Ι.
578 3819 647 3886 §16
675 3838 749 3890 sqq.;
783 3821 895 3874 Ksihmr
918 3821 958 3874 II.
979 3820 995 3887 ἓ
1014 3823 1057 3876 61.
1075 3839 1102 3892 p.
1124 3823 1174 3877 168
1193 3839 1247 3894 sq.;

61 3911 239 3982 numatam
259 3910 321 3963 Lat.
342 3909 460 3964 Stilistik
478 3927 522 3979 pg.
542 3909 576 3962 85
595 3926 643 3978 sq.;
663 3909 700 3962 M.
720 3909 868 3963 Riemann:
888 3910 993 3964 Etudes
1011 3928 1058 3964 sur
1070 3910 1097 3964 lu
1109 3910 1209 3981 langue
1221 3919 1249 3966 et

59 4005 90 4058 la
122 4017 243 4072 gramm.
270 4000 305 4053 de
328 3999 388 4053 lite
406 3999 473 4052 Live
492 3998 509 4064 θ
528 4001 552 4052 5.
572 4016 617 4068 pg.
636 3999 669 4052 61
689 4017 741 4069 sq.;
765 3999 873 4053 Goelzer
892 4000 939 4054 lat.
958 3999 992 4053 de
1013 4000 1054 4054 St.
1073 4000 1183 4054 Jerome
1201 4019 1247 4071 pg.

16 4099 24 4164 r
61 4089 222 4148 roe-120.
