2808 4492
669 173 730 235 152

102 342 285 436 praefanti.
307 358 349 419 23
366 355 455 441 (144)
470 363 531 444 qai
549 365 731 428 anbelanda
746 366 958 448 praefamur.
972 366 1016 429 ci.
1029 366 1070 430 ad
1087 367 1162 430 Nat.
1182 367 1210 432 Ι.
1228 369 1282 432 10.

64 545 67 552 .
151 456 425 542 Praegustare
444 470 634 552 orationem,
650 472 868 554 promatsidis
885 473 935 535 rei
947 473 1147 555 prestationis
1170 475 1285 539 instar

107 565 256 630 adbibere
279 570 321 632 39
347 567 437 652 (208)
463 596 526 638 non
550 579 636 660 prius
661 577 872 641 discumbitur
895 601 990 662 quam
1006 580 1109 643 oratio
1126 579 1284 645 addeum

30 688 40 730 ·.
101 679 340 754 praepastetnr.
366 677 418 742 01.
443 679 507 744 Ov.
532 704 592 746 am.
621 685 648 747 1.
674 685 704 761 4,
729 686 788 760 33;
813 684 895 748 Plin.
921 686 974 747 21.
999 683 1095 767 3(9);
1119 685 1232 750 Inven.
1247 691 1282 752 5.

108 777 186 854 632;
210 778 346 845 Phaedr.
372 785 402 847 4.
427 786 479 849 23.
505 787 543 850 4·
567 789 649 853 Plin.
675 790 728 854 27.
753 793 783 854 0.
809 789 889 872 (55).
1046 857 1050 862 ,

151 881 412 969 Praemium,
439 894 480 955 21
504 837 594 975 (019)
623 888 714 973 „cuin
735 897 816 961 haec
839 898 900 961 illis
925 905 1053 962 sanctae
1070 920 1168 963 voces
1184 923 1282 985 prae-

105 989 330 1072 minarentur”‚
356 997 442 1080 quod
466 999 599 1064 verbum
621 1011 748 1088 praeter
769 1003 857 1068 Tert.
881 1012 1014 1090 usurpat
1037 1005 1124 1090 App.
1149 1028 1282 1091 quoque
1353 1041 1357 1044 ·

105 1093 186 1158 Met.
206 1100 241 1161 .5.
266 1123 337 1184 pag.
365 1104 438 1167 167.
464 1107 499 1182 3;
525 1108 554 1171 8.
579 1132 610 1193 p.
637 1111 711 1173 211.
739 1111 789 1174 11.

149 1201 767 1299 Praeministrare=snppeditara
792 1240 855 1302 qua
879 1213 1108 1303 significatione
1131 1226 1283 1282 ornatum

103 1309 188 1392 apud
211 1311 298 1376 Tert.
324 1316 425 1380 solum
447 1317 481 1381 id
506 1321 639 1385 verbum
655 1325 687 1386 in
704 1346 763 1387 usu
780 1333 843 1400 est;
867 1327 908 1388 21
923 1323 1015 1407 (124)
1035 1328 1091 1410 qui
1103 1347 1200 1411 penes
1214 1348 1279 1390 vos

103 1416 259 1481 eiusmodi
282 1419 407 1486 fabulas
431 1427 570 1490 aemulas
594 1429 635 1492 ad
659 1429 909 1496 destructionem
924 1435 1069 1496 veritatis
1082 1433 1279 1496 istiusmodi

100 1523 453 1602 praeministrarerint.
479 1531 531 1596 01.
556 1534 597 1598 ad
621 1535 695 1600 Nat.
712 1535 744 1600 ¹I.
772 1538 789 1601 7
815 1535 905 1619 (200)
929 1538 1051 1602 Tamen
1074 1547 1281 1623 posteacog-

101 1639 236 1692 noscant
269 1655 401 1699 necesse
425 1646 474 1701 est
503 1641 556 1704 vel
579 1642 648 1706 aliis
673 1667 752 1727 quos
776 1645 931 1709 inducunt
957 1647 1279 1730 praeministranda.

43 1775 45 1778 -
101 1732 148 1796 H.
174 1737 193 1798 3
219 1734 308 1820 (339)
333 1740 436 1824 Igitur
459 1746 544 1829 quod
566 1749 1126 1829 elementacontineatmundusiste,
1140 1754 1289 1816 utsum-'

102 1841 227 1906 maliter
260 1853 394 1913 tractem
429 1851 468 1915 de
493 1857 709 1934 universitate,
735 1858 877 1942 partibus
906 1863 973 1923 eius
994 1857 1281 1943 praeministrans

103 1943 145 2027 (b.
175 1971 200 2020 e.
225 1941 300 2017 ante
322 1957 530 2038 ministrans,
554 1969 630 2026 ante
653 1965 878 2029 ministeriam
900 1964 1076 2048 eabibens.)
1101 1964 1153 2029 01.
1179 1987 1282 2050 porro

102 2052 157 2117 Ad
191 2055 292 2123 Uxor.
316 2061 344 2124 I.
370 2065 389 2126 2
418 2064 539 2149 „Igitur
561 2091 619 2152 per
640 2069 801 2135 licentiam
828 2080 905 2136 tune
932 2075 1093 2158 passivam
1122 2071 1282 2136 materiae

102 2159 363 2247 subsequentium
387 2172 644 2239 emendationum
663 2167 1055 2260 praeministraba¹atnr.”
1079 2177 1283 2263 Simpliciter

101 2288 159 2349 pro
198 2273 440 2346 „ministeriam
474 2281 649 2357 cabibere‚”
683 2283 734 2347 De
769 2284 946 2369 Baptismo‚
979 2287 1036 2349 11:
1077 2306 1222 2369 „semper
1249 2287 1280 2348 is

100 2372 217 2438 dicitur
239 2377 356 2458 iacere,
381 2386 431 2447 cui
454 2387 776 2468 praeministratur.”

143 2477 424 2554 Praescribam
459 2517 501 2544 =
528 2495 710 2577 arreptione
727 2499 889 2580 perimere
912 2499 1094 2563 adversarii
1115 2499 1281 2562 intentio-

99 2604 183 2664 nem,
194 2610 255 2670 pra
268 2597 806 2682 exceptionestatnere,constituere
818 2627 976 2686 normam,
991 2627 1073 2689 qnae
1085 2604 1281 2669 calumnias

97 2694 254 2761 eactndat.
281 2700 298 2762 7
314 2698 381 2782 (38)
405 2702 456 2766 De
469 2710 575 2770 vestra
587 2708 680 2771 vobis
692 2709 944 2776 dissimulatione
952 2711 1192 2796 praescribitur
1203 2731 1279 2774 non

98 2819 169 2861 esse
193 2803 278 2884 quod
302 2829 362 2870 neo
384 2811 447 2894 ipsi
470 2811 594 2876 audetis
618 2837 737 2879 eruere.
763 2817 783 2879 4
807 2816 875 2898 (24)
900 2818 975 2883 Non
998 2820 1073 2883 licet
1097 2839 1168 2882 esse
1191 2820 1277 2881 vos!

98 2911 131 2967 et
167 2905 229 2972 hoo
265 2913 333 2975 sine
368 2914 431 2978 ullo
469 2926 642 2983 retractatu
668 2920 853 2988 humaniore
872 2925 1109 3008 praescribitis,
1136 2946 1205 3007 sqq.
1226 2924 1275 2986 47

99 3007 189 3093 (247)
228 3014 388 3102 Expedite
423 3030 529 3086 autem
554 3027 812 3108 praescribimus
844 3028 995 3094 adulteris
1030 3031 1148 3094 nostris
1182 3029 1280 3093 illam

98 3138 168 3182 esse
202 3123 344 3206 regulam
379 3130 521 3192 veritatis
553 3153 634 3214 quae
657 3135 766 3198 veniat
789 3158 808 3198 a
831 3134 970 3200 Christo.
996 3135 1048 3200 01.
1073 3135 1114 3200 ad
1138 3136 1215 3201 Nat.
1243 3135 1275 3201 I.

99 3222 118 3283 3
156 3221 246 3306 (277)
271 3230 512 3298 Praescribitur
544 3239 626 3300 enim
651 3238 743 3303 vobis
767 3263 832 3304 non
854 3264 950 3327 posse
973 3246 1106 3307 crimina
1129 3242 1280 3308 obiicere

99 3349 179 3410 quae
213 3356 316 3419 neque
346 3340 526 3404 institutum
561 3342 669 3427 dirigit
692 3367 761 3430 sqq.
786 3345 814 3413 I.
840 3348 881 3410 20
906 3344 997 3430 (332)
1022 3349 1148 3426 Quodsi
1167 3339 1275 3433 prae-

98 3436 255 3501 scribitur
284 3442 375 3506 vobis
399 3467 537 3511 errorem
568 3471 673 3513 amare
705 3460 737 3514 et
768 3453 873 3518 odisse
897 3457 1075 3534 veritatem,
1100 3478 1157 3520 cur
1180 3457 1280 3539 quod

98 3545 210 3607 amatis
234 3553 266 3609 et
289 3547 402 3614 odistis
426 3575 488 3616 non
513 3558 689 3620 noveritis?
714 3556 765 3622 01.
791 3560 865 3625 adv.
890 3561 1037 3626 Praxean
1049 3585 1078 3626 e.
1098 3563 1139 3626 20
1154 3559 1208 3643 (Ο.
1221 3562 1277 3628 Η.

96 3634 149 3730 pg.
186 3650 262 3733 679)
291 3654 414 3739 Regula
440 3667 547 3724 autem
579 3665 664 3726 omni
698 3667 744 3728 rei
767 3689 893 3753 semper
915 3669 956 3733 ab
979 3671 1070 3733 initio
1094 3671 1281 3736 constituta

91 3753 130 3824 in
154 3758 310 3838 prioribus
335 3769 367 3825 et
388 3765 422 3825 in
445 3769 621 3849 posteriora
639 3757 845 3853 praescribit,
870 3777 979 3860 utique
1003 3778 1083 3839 etin
1105 3777 1278 3861 pauciora.

63 3904 65 3907 -
95 3855 147 3920 De
172 3859 275 3928 Carne
299 3866 420 3931 Christi
443 3871 463 3932 4
489 3868 542 3952 (Ο.
566 3873 613 3937 Π.
638 3897 689 3959 pg.
715 3876 792 3959 432)
817 3888 882 3958 tua,
907 3884 1029 3967 opinor,
1054 3883 1100 3946 1111
1132 3904 1281 3950 censura

92 3970 323 4045 praescriberet
346 3995 416 4057 sqq.
440 3974 492 4038 De
515 3976 661 4061 Fugam
684 4005 806 4067 perseo.
834 3989 850 4050 1
876 3985 927 4066 (Ο.
952 3987 979 4052 Ι.
1004 4011 1056 4074 pg.
1087 3988 1167 4071 462)
1181 3990 1278 4061 Satis
