2788 4500
598 235 745 310 »30

137 443 236 508 Certe
259 465 323 508 non
346 449 453 528 potest
474 443 549 507 fidei
572 445 754 521 convenire,
771 433 984 529 ut‘religionis
996 445 1116 508 meritis
1129 447 1311 508 excrevisse

140 550 310 615 videantur
339 553 403 635 qui,
431 557 467 612 ut
489 551 714 634 suggessimus
739 549 923 633 religionem
947 557 1002 612 aut
1026 551 1179 614 laedendo
1199 571 1312 615 ereve-

140 665 215 722 runt
249 665 303 720 aut
337 657 502 720 crescendo
532 657 701 720 laeserunt.
736 656 778 719 35
812 650 903 738 (183)
932 654 1043 722 Velim
1066 663 1173 720 tamen
1196 657 1229 719 in
1252 656 1313 720 hac

139 784 268 848 quoque
302 761 455 846 religione
490 761 650 826 secundae
682 763 866 839 maiestatis,
902 760 943 825 de
980 783 1044 846 qua
1076 763 1111 824 in
1137 761 1315 826 secundum

140 870 342 954 sacrilegium
374 871 584 934 ¹convenimur
618 867 791 932 Christiani
826 890 891 931 non
926 868 1111 932 celebrando
1146 868 1315 933 vobiscum

141 975 308 1039 sollemnia
331 973 504 1039 Caesarum
528 997 597 1059 sqq.
623 976 664 1038 37
690 969 785 1057 (195)
809 974 904 1038 Nunc
923 976 1007 1038 enim
1023 976 1189 1059 pauciores
1204 974 1315 1038 hostes

140 1081 266 1146 habetis
289 1103 365 1166 prae
388 1080 589 1145 multitudine
602 1080 858 1159 Christianorum,
883 1103 983 1166 paene
996 1083 1136 1152 omnium
1148 1082 1317 1145 civitatum

143 1210 244 1274 paene
279 1209 388 1251 omnes
423 1189 511 1251 cives
535 1187 734 1251 Christianos
759 1187 912 1250 habende.
938 1185 1003 1250 Sed
1025 1187 1134 1251 hostes
1158 1188 1316 1251 maluistis

143 1317 260 1358 vocare
284 1296 408 1378 generis
432 1294 560 1357 humani
583 1295 689 1378 potius
712 1293 936 1388 quamxerroris
952 1292 1090 1357 humani.
1109 1289 1313 1376 („habendo'’

145 1400 209 1464 DE
240 1398 332 1464 abde.
363 1400 485 1464 Erfurt.
520 1400 625 1464 Oxon.
653 1398 786 1462 Pamelii
820 1398 901 1462 libri.
936 1398 1060 1474 „hostes
1091 1399 1257 1464 habendo”
1293 1419 1317 1468 t.

152 1505 351 1584 „habendos”
379 1505 484 1583 ABG,
514 1504 660 1571 Vindob.
689 1503 880 1583 „habentes”
907 1504 944 1568 F.
969 1504 1009 1567 In
1036 1519 1064 1569 c.
1083 1505 1182 1570 verba
1198 1529 1317 1592 „paene

62 1592 72 1603 ⁸
143 1637 255 1678 omues
266 1616 355 1678 cives
369 1613 567 1678 Christianos
578 1599 745 1676 habendo”
761 1612 887 1676 absunt.
915 1613 958 1674 lo
986 1607 1077 1693 (214)
1101 1613 1159 1677 scd
1183 1621 1215 1677 et
1238 1615 1317 1678 alios

148 1721 278 1806 insuper
301 1720 360 1784 sibi
385 1727 597 1784 commentata
621 1742 700 1803 quos
722 1720 842 1783 coleret
864 1713 1091 1801 (commentata
1114 1728 1273 1785 <est>
1287 1743 1317 1784 v.

146 1827 179 1892 d.
215 1826 318 1893 Vliet.
354 1825 401 1890 St.
436 1826 526 1891 Eccl.
560 1849 611 1911 pg.
648 1821 726 1909 lot:
762 1825 878 1890 dehinc
913 1824 998 1910 quod
1031 1848 1095 1889 non
1121 1811 1326 1909 inquirendo

148 1936 348 1998 innocentiae
364 1935 549 2018 magistrum
566 1940 598 1996 et
610 1940 790 1996 exactorem
801 1940 832 1996 et
844 1934 1010 1996 nocentiae
1021 1931 1159 1996 iudicem
1173 1933 1321 1996 omnibus

149 2043 236 2104 vitiis
265 2049 298 2104 et
333 2039 518 2105 criminibus
550 2041 692 2103 inolevit.
721 2037 769 2116 (ct
797 2061 842 2117 ea,
882 2061 962 2123 quae
981 2061 1077 2124 supra
1100 2038 1141 2103 de
1164 2020 1225 2104 hoc
1248 2040 1321 2104 loco

149 2146 236 2211 dicta
260 2148 344 2218 suntl
367 2148 410 2210 45
446 2141 541 2230 (231)
569 2144 623 2210 Sic
647 2153 678 2210 et
701 2145 860 2230 Epicurus
883 2167 1009 2209 omnem
1031 2148 1205 2210 cruciatum
1229 2145 1322 2209 dolo-

151 2275 280 2337 remque
293 2253 460 2338 depretiat,
473 2252 634 2316 modicum
643 2251 772 2345 quidem
781 2251 1052 2336 contemptibilem
1057 2253 1322 2335 praecludendo,

26 2394 38 2402 ι·
150 2381 298 2444 magnum
330 2357 408 2423 vero
442 2381 506 2422 non
537 2358 729 2422 diuturnum.
762 2359 804 2421 46
838 2351 932 2439 (235)
963 2358 1070 2436 Quam
1102 2360 1258 2424 inlusores
1292 2370 1324 2424 et

150 2473 352 2552 corruptores
376 2467 502 2530 mimice
521 2465 701 2550 philosophi
718 2464 883 2528 adfectant
898 2467 1065 2529 veritatem
1082 2473 1115 2529 et
1130 2466 1324 2549 adsectando

150 2582 366 2658 corrumpunt,
389 2595 459 2657 sqq.
485 2573 527 2636 46
552 2569 644 2651 (237)
668 2571 871 2651 Democritus
897 2573 1092 2636 cacaeccado
1105 2574 1324 2658 semetipsum,

151 2680 238 2765 quod
258 2681 405 2744 mulieres
429 2681 496 2743 sine
513 2680 773 2764 concupiscentia
788 2680 932 2763 aspicere
948 2700 1012 2742 non
1028 2686 1138 2762 posset
1153 2684 1185 2742 et
1200 2677 1326 2744 doleret

151 2789 179 2850 si
209 2809 273 2852 non
309 2795 394 2851 esset
427 2788 557 2872 potitus,
590 2786 854 2849 incontinentiam
892 2783 1113 2873 emendatione
1148 2785 1324 2869 profitetur.

152 2894 196 2956 48
221 2889 313 2970 (254)
347 2893 419 2956 Lux
454 2891 571 2956 cotidie
605 2890 775 2955 interiecta
807 2889 990 2976 resplendet
1025 2898 1057 2954 et
1080 2889 1231 2954 tenebrae
1254 2895 1324 2977 pari

152 3001 224 3064 vice
248 3001 429 3063 decedendo·
443 2997 628 3062 succedunt.
649 3019 696 3081 sq.

298 3393 364 3460 ors
377 3353 722 3485 ‚accusa'rrvo
747 3391 859 3460 oum
882 3391 1180 3458 rurumrrvo.

200 3599 299 3686 Apud
323 3601 477 3684 sequioris
501 3601 613 3663 aetatis
638 3601 808 3684 scriptores
831 3598 1024 3682 propositio,
1048 3619 1069 3660 a
1085 3599 1329 3664 coniunctioni-

156 3709 215 3771 bus
250 3708 344 3790 quod,
368 3708 457 3790 quiq,
482 3706 641 3789 qaaoat'um
664 3705 835 3788 incipietur,
856 3725 919 3788 pro
942 3705 1016 3768 Aac.
1040 3726 1066 3767 c.
1092 3704 1160 3787 Ias.
1185 3705 1238 3770 hic
1264 3707 1329 3770 illic

156 3816 293 3899 ponitur.
322 3803 412 3876 'ln
440 3813 654 3898 -Apologetioo
692 3810 755 3875 duo
788 3818 910 3874 tantum
945 3809 1038 3873 huius
1073 3831 1149 3872 usus
1181 3815 1330 3898 exempla

194 3977 327 4031 ¹Kcllaer
357 3976 481 4047 Sprachl.
509 3977 570 4045 Eig.
598 3976 628 4029 T.
658 3975 727 4039 2363
746 3974 853 4028 Bartsch
874 3973 948 4027 Itu
967 3973 1004 4028 V.
1023 3990 1068 4043 pg.
1087 3973 1154 4036 4023
1176 3973 1249 4028 Sitti.
1276 3976 1330 4030 lot.

155 4067 270 4122 Versch.
289 4084 333 4136 pg.
354 4067 422 4132 110;
442 4066 535 4133 Hoqen
556 4064 616 4134 Spr.
636 4065 725 4118 Erbrt.
744 4081 789 4134 pg.
809 4063 958 4116 tir—61.—
