2808 4492
537 240 545 262 ⁰
666 229 727 291 159

102 425 137 486 2.
176 424 229 486 21.
265 424 299 495 4,
321 424 520 508 voluptatem
554 421 671 486 damno
700 444 786 507 rep.;
812 419 952 486 Sen'de
975 423 1021 484 ira
1047 422 1077 483 2.
1102 422 1144 484 32
1168 423 1283 484 merita

106 531 230 593 meritis
253 552 337 615 rep.;
361 530 405 594 cf.
429 529 571 593 Rbnseh.
595 528 624 592 Ι.
648 553 678 592 11.
706 525 750 594 V.
775 550 827 612 pg.
854 529 928 590 215.

152 633 440 716 Repereutere'
450 661 493 688 =
515 636 637 699 tterurn
648 639 822 718 percutere,
835 635 976 712 reticere,
989 634 1144 716 refutare.
1161 634 1200 695 15
1216 628 1283 712 (86)

7 769 9 815 r
105 740 184 804 Hoc
219 743 306 826 prius
341 745 446 828 capite
482 749 514 806 et
548 764 675 806 omnem
704 742 779 805 hinc
803 741 993 804 sacramenti
1017 741 1117 802 nostri
1140 738 1283 802 ordinem

105 848 240 921 haurite,
275 848 473 931 repercussis
508 860 581 912 ante
616 856 723 911 tamen
758 846 961 932 opinionibus
989 846 1091 910 falsis.
1115 846 1158 909 41
1184 842 1284 926 (218).

107 952 195 1029 Hoc,
219 955 360 1038 inquitis,
386 964 418 1018 et
439 957 473 1017 in
497 954 592 1018 deum
615 961 758 1017 vestrum
780 958 980 1037 repercutere
1003 961 1062 1029 est,
1088 953 1115 1015 si
1143 950 1229 1035 quod
1251 960 1286 1014 et

7 1055 8 1116 l
107 1063 180 1145 ipse
216 1063 355 1144 patiatur
388 1069 519 1146 propter
552 1060 705 1146 profanos
741 1062 837 1138 etiam
860 1081 934 1123 suos
959 1059 1097 1122 cultores
1120 1057 1213 1122 laedi.
1237 1056 1284 1123 V.

7 1161 8 1196 ³
106 1165 152 1230 ad
175 1165 251 1230 Nat.
274 1167 322 1234 ll.
348 1168 365 1231 7
392 1166 484 1250 (353)
509 1169 663 1251 imagines
687 1166 864 1248 detrahitis,
886 1173 1046 1229 monetam
1057 1164 1288 1248 repercutitis?

7 1251 8 1284 ¹
107 1271 166 1336 ef.
201 1276 371 1338 ieiunare
405 1301 448 1328 =
481 1274 635 1357 resinae.
660 1273 791 1350 aanor..
817 1275 847 1337 s.
873 1274 902 1335 3.
928 1273 970 1335 23
981 1263 999 1347 ;'
1014 1273 1044 1335 e.
1069 1272 1099 1334 3.
1123 1271 1177 1334 45.
1202 1270 1284 1334 Pnn.

108 1379 213 1464 praef.
238 1382 295 1456 31;
321 1382 373 1444 28.
398 1382 429 1444 4,
456 1382 492 1456 7;
517 1381 623 1444 Amm.
652 1363 703 1443 15‘.
727 1380 748 1443 4
772 1381 794 1443 i.
817 1379 840 1443 f.
866 1401 939 1443 eum
963 1378 1090 1442 obieetu
1113 1385 1287 1441 turmarum

110 1485 277 1548 hostilium
298 1486 482 1569 repercussi
505 1482 660 1566 (scutarii)
686 1487 860 1549 stetissent.

159 1591 411 1676 inrepercussus
435 1592 520 1678 apud
536 1593 622 1657 Tert.
648 1597 696 1651 ἅπ.
709 1597 758 1666 ste.
783 1600 846 1668 est;
873 1593 913 1654 16
939 1588 1008 1672 (97)
1025 1590 1118 1654 Haec
1132 1589 1300 1654 errabam·

10 1717 16 1740 ¹
108 1697 212 1776 danti,
246 1721 287 1763 ne
323 1699 400 1783 quid
434 1703 569 1777 rumoris
604 1701 869 1784 inrepercussum
904 1701 996 1783 quasi
1025 1698 1065 1762 de
1090 1698 1287 1762 conscientia

110 1808 386 1890 praeterissemus.

157 1910 473 1993 Repraesentari
496 1939 539 1967 =
561 1913 708 1991 revelari,
733 1912 954 1995 neantfestare',
982 1913 1022 1976 16
1037 1909 1104 1992 (88)
1118 1911 1162 1975 Et
1176 1913 1286 1995 utique

108 2021 141 2082 si
176 2018 210 2082 id
244 2019 408 2084 colebatur
442 2019 529 2104 quod
556 2019 661 2103 aliqua
684 2019 786 2104 effigie
809 2019 1124 2103 repraesentabatur,
1149 2040 1219 2102 sqq.
1246 2019 1285 2081 17

7 2167 9 2202 ,
110 2122 183 2206 (98)
213 2125 328 2202 „deus”
355 2127 685 2212 incomprehensibilis
709 2134 768 2204 est,
793 2129 852 2190 etsi
876 2148 934 2210 per
950 2127 1085 2210 gratiam
1100 2145 1287 2207 repraesen-

7 2255 8 2314 (
110 2238 212 2296 tetur.
247 2233 302 2297 Ad
336 2234 425 2297 Natt.
460 2233 488 2297 I.
527 2235 567 2297 16
604 2230 695 2315 (322)
720 2233 997 2317 Repraesentatur
1019 2233 1065 2295 eis
1090 2239 1158 2294 tota
1181 2253 1286 2306 causa,

7 2417 9 2428 .
109 2338 258 2402 referunt
279 2341 418 2404 invicem
441 2341 544 2404 exitus
569 2362 663 2404 suos:
687 2363 757 2424 sqq.
782 2338 837 2403 Ad
860 2339 947 2403 Natt.
972 2338 1019 2402 Π.
1040 2339 1079 2401 10
1097 2335 1187 2418 (367)
1204 2337 1287 2400 Nam

7 2445 8 2508 j
110 2446 223 2510 ferunt
245 2446 407 2511 aedituum
430 2449 497 2510 eius
522 2447 624 2511 solum
648 2447 731 2510 forte
754 2449 787 2509 in
810 2446 889 2510 aede
913 2446 1044 2510 caleulis
1068 2443 1230 2507 ludentem
1253 2452 1288 2506 ut

109 2551 176 2616 sibi
200 2553 398 2632 collusorem,
423 2576 517 2637 quem
541 2575 605 2616 non
628 2552 776 2630 habebat,
796 2557 1060 2636 repraesentaret,
1086 2573 1156 2634 sqq.
1182 2585 1222 2592 -
1246 2549 1287 2613 In

110 2658 290 2742 posteriore
324 2659 480 2722 latinitate
503 2658 565 2723 hoe
589 2658 723 2723 verbum
745 2680 982 2741 nonnumquam
1005 2657 1102 2720 habet
1124 2658 1287 2719 notionem

111 2765 204 2842 ,uice
226 2767 370 2830 alieuius
392 2766 586 2848 funpencte'”.
611 2765 654 2830 ef.
680 2765 713 2829 S.
734 2764 836 2849 Greg.
860 2765 948 2848 Mag.
973 2764 1057 2850 Epp.
1085 2766 1113 2827 1.
1141 2765 1168 2826 1.

158 2869 460 2952 Repromittere
492 2897 534 2926 =
564 2873 764 2957 promittere,
802 2872 820 2934 8
857 2867 925 2951 (43)
960 2870 1048 2934 Ecce
1081 2872 1286 2954 proponimus

107 2979 227 3041 horum
249 2978 428 3042 facinorum
451 2979 645 3043 mercedem:
669 2981 769 3042 vitam
792 2985 953 3041 aeternam
975 2978 1218 3060 repronu'ttunt.
1243 2976 1285 3038 48

106 3081 206 3165 (250)
230 3085 277 3148 At
300 3087 385 3148 enim
409 3084 610 3149 Christianus
635 3087 662 3148 si
686 3084 726 3148 de
742 3084 870 3147 homine
885 3083 1047 3147 hominem
1062 3084 1230 3168 ipsumque
1246 3081 1286 3146 de

106 3189 198 3254 Gaio
234 3190 351 3255 Gaium
384 3190 536 3256 reducem
569 3192 794 3275 repronn'ttet,·
816 3189 958 3267 Rdnseh,
986 3188 1107 3252 Semas.
1132 3188 1231 3252 Beitr.
1257 3209 1285 3253 z.

105 3297 153 3361 L.
179 3297 230 3361 W.
256 3321 287 3383 p.
314 3299 364 3362 73.

69 3470 74 3481 ,
158 3403 398 3485 Repurgare
433 3428 475 3458 =
509 3406 631 3469 iterum
658 3410 688 3467 et
709 3405 849 3488 pleniter
867 3424 1021 3487 purpure,
1047 3403 1087 3465 16
1112 3398 1180 3482 (97)
1205 3423 1285 3485 quae

7 3527 8 3542 ³
105 3514 221 3576 omnia
255 3513 403 3575 conversi
425 3513 488 3574 iam
512 3511 553 3574 ad
577 3510 879 3575 demonstrationem
900 3510 1062 3593 religionis
1086 3516 1212 3571 nostrae
1235 3529 1287 3572 re-

103 3619 349 3703 purpube'rnus;
384 3614 477 3697 (male
512 3616 607 3682 Oehl.
641 3619 674 3680 in
709 3617 847 3682 editione
870 3617 987 3680 altera:
1011 3611 1285 3698 repurpaer'nrus).

109 3724 166 3790 Ol.
204 3723 385 3815 0113491.
410 3726 440 3787 5.
466 3725 529 3787 286
552 3730 725 3807 repurpato
749 3725 854 3799 eaelo;
879 3721 952 3786 Sen.
976 3745 1026 3806 ep.
1052 3723 1108 3784 66:
1133 3721 1286 3784 serenitas

7 3831 8 3898 ?
107 3831 194 3896 caeli
218 3835 410 3913 repa-epatu·
434 3829 522 3893 Curt.
558 3832 587 3893 6.
614 3832 643 3893 6.
669 3831 783 3902 26;4.
811 3831 839 3892 1.
865 3830 924 3904 213
949 3827 1021 3891 Liv.
1047 3828 1099 3890 44.
1124 3827 1161 3902 4;
1198 3824 1285 3888 Suet.

107 3937 200 4020 Aug.
226 3937 267 3999 30
291 3937 418 4000 alveum
440 3935 565 4000 Tiberis
588 3959 676 4022 rep.;
701 3936 743 4000 id.
767 3936 839 3999 Tib.
866 3937 901 3998 8:
928 3934 1086 4019 ergastula
1100 3954 1284 4016 repurpure,

7 4081 23 4192 p
100 4052 144 4108 et
169 4042 220 4105 al..
