2788 4500
11 281 20 332 l

635 241 677 304 37

51 441 188 503 ‘omisso
223 439 323 504 verbo
359 438 511 503 movendi
538 441 582 502 ita
611 445 652 506 ut,
670 439 800 502 concisa
823 434 981 520 quaedam
1004 433 1145 513 brevitas
1170 455 1243 496 sen-

63 548 187 610 tentiae
223 549 349 610 oriatur.
385 530 486 610 Porro
520 545 599 610 haec
634 537 879 630 praepositionis
912 543 1001 613 notio
1024 538 1176 604 movendi
1198 541 1243 602 ita

38 652 267 735 'transiemus
292 661 328 715 ut
351 674 414 737 quo
439 650 516 736 quid
539 659 664 737 spectet
685 651 739 714 vel
762 649 840 735 quid
863 646 987 732 agendo
1011 645 1167 711 efficiatur
1189 644 1241 710 vel
1305 689 1306 692 κ
1340 662 1345 671 ·

61 758 108 822 ad
144 781 238 843 quem
273 761 393 822 exitum
427 760 640 844 perveniatur,
673 758 741 822 sola
769 757 830 821 hac
854 757 1091 842 praepositione
1115 755 1242 838 saepius
1323 749 1326 754 ’

57 857 208 930 lircviter
242 864 417 941 indicetur;
452 863 639 928 Tertulliani
671 863 770 927 verba
792 870 860 925 tum
883 865 916 924 in
940 868 1080 924 nostram
1103 859 1243 943 linguam

62 974 127 1034 nisi
161 973 267 1056 aliquo
301 971 472 1036 verborum
500 973 634 1035 circuitu
658 972 740 1034 verti
763 991 826 1032 non
851 975 996 1054 possunt.
1028 965 1240 1055 Conferamus

62 1077 231 1163 exempla:
269 1079 288 1141 8
325 1079 389 1153 (45)
420 1077 473 1161 alii
508 1076 636 1141 ordines
666 1076 819 1158 dentium,
844 1077 896 1139 alii
920 1077 964 1138 ud
984 1076 1143 1138 incestum
1167 1073 1240 1136 liht-

57 1187 301 1272 dt'nemunervi.
325 1185 391 1262 Qui
415 1187 477 1249 ista
500 1183 604 1262 credis
628 1184 668 1249 de
690 1184 819 1248 homine
836 1171 934 1267 'potes
947 1181 1108 1254 etfaeere.
1132 1179 1240 1243 Homo

61 1313 99 1355 es
136 1301 169 1355 et
202 1294 282 1376 ipse,
318 1291 404 1375 quod
433 1300 465 1356 et
495 1291 705 1362 Christianus.
741 1291 808 1367 Qut
843 1312 905 1354 non
930 1296 1021 1374 potes
1045 1287 1152 1352 facere
1176 1309 1240 1350 non

55 1397 166 1462 debes
201 1397 341 1462 credere.
378 1398 486 1461 Homo
513 1405 563 1462 est
585 1399 670 1461 enim
693 1404 726 1460 ct
749 1396 949 1460 Christianus
973 1402 1005 1458 et
1029 1393 1115 1478 quod
1139 1402 1170 1457 et
1194 1401 1265 1490 tu..

48 1510 139 1577 ’(1111
164 1503 221 1568 (111
244 1503 336 1569 Vliet
359 1503 406 1568 St.
430 1504 530 1597 Eccl„
545 1526 597 1589 pg.
623 1505 676 1581 34,
696 1502 837 1589 praefert
864 1502 1074 1586 complurium
1089 1498 1239 1564 librorum

59 1611 248 1675 lectionem:
273 1611 367 1674 homo
392 1617 496 1674 estet
520 1609 730 1688 Christianus,
755 1608 841 1694 quod
865 1616 897 1672 et
919 1611 977 1682 111.)
1002 1609 1104 1681 9“(53)
1128 1607 1238 1670 Minus

57 1717 202 1780 humano
239 1719 393 1800 sanguine
427 1718 471 1780 ud
502 1717 699 1800 spurcitiem
733 1723 969 1792 consecrantur,
999 1716 1074 1798 quia
1096 1713 1238 1777 futurum
1349 1722 1352 1728 '

58 1825 250 1906 sanguinem
274 1823 438 1887 lambunt?
462 1825 493 1897 (1.
519 1845 546 1886 e.
570 1831 607 1885 ut
629 1821 670 1886 ad
683 1824 868 1908 spurcitiam
881 1823 1099 1908 perveniantl;
1119 1821 1159 1883 14
1172 1821 1238 1895 (77)

59 1929 129 1993 Sed
153 1951 329 2023 conversus
352 1928 394 1994 ad
417 1930 537 1993 litteras
561 1937 696 2006 vestras,
720 1927 841 2013 quibus
860 1928 1075 1991 informamini
1098 1928 1142 1990 ud
1151 1914 1238 2010 pru-¹

59 2036 210 2100 (letitiam
239 2040 268 2098 et
291 2037 334 2099 ad
357 2036 505 2100 liberalia
527 2034 650 2124 efficto,
676 2042 795 2118 quanta
817 2035 946 2109 invenio
970 2032 1123 2096 ludibria!
1152 2035 1183 2107 (1.
1208 2055 1235 2096 1.

54 2142 179 2227 quibus
216 2141 431 2206 informamini
466 2149 502 2204 ut
535 2141 576 2205 ad
609 2141 809 2226 prudentiam
842 2149 874 2205 et
904 2140 945 2205 ad
968 2139 1111 2204 liberalia
1134 2138 1237 2203 officia

60 2250 289 2334 perveniatis);
316 2249 355 2311 16
381 2249 445 2321 (94)
468 2248 617 2331 Denique
641 2246 716 2311 inde
733 2249 873 2332 suspicio
890 2244 976 2330 quod
992 2247 1164 2310 innotuerit
1176 2267 1234 2308 nos

58 2356 107 2418 nd
138 2355 275 2418 entem
306 2355 469 2437 necionem
493 2357 549 2427 (11.
574 2357 758 2426 couversos)
781 2355 914 2438 precari.
949 2351 1013 2417 Sed
1037 2360 1070 2416 et
1091 2353 1234 2437 plerique
1334 2418 1337 2423 ,

54 2443 205 2526 vestrnin
240 2461 455 2525 adfectatione
490 2459 660 2544 aliquando
684 2468 716 2524 et
740 2461 890 2525 caelestia
913 2459 1066 2524 adorandi
1089 2461 1133 2524 nd
1154 2461 1232 2524 solis

57 2575 173 2633 ortnm
197 2571 253 2642 (10.
278 2569 438 2640 conversi)
461 2567 546 2631 labia
568 2566 712 2644 vibratio,
740 2568 780 2630 18
804 2567 892 2641 (102)
909 2568 1070 2630 suscitatis
1087 2564 1233 2629 omnibus

56 2675 100 2738 ab
137 2676 227 2738 initio
262 2672 423 2738 defunctis
459 2681 492 2737 et
524 2672 704 2737 reformatis
740 2681 772 2738 et
803 2675 969 2737 recensitis
992 2675 1035 2736 ad
1057 2674 1230 2756 ntrlnsqne

56 2801 132 2844 11111·
140 2781 174 2843 'tl
207 2781 479 2863 dispunctionem.
507 2780 546 2843 18
571 2780 659 2853 (103)
672 2781 765 2853 ¹inter
787 2788 894 2844 cetera
916 2781 1137 2844 memoriarum
1161 2781 1232 2864 qui-

56 2887 120 2949 bus
149 2893 205 2948 aut
228 2893 371 2950 vetustas
395 2894 451 2950 aut
473 2887 639 2950 curiositas
664 2875 769 2970 aliqua
792 2888 835 2949 act
856 2887 985 2979 farreum
1008 2886 1231 2972 patrocinaba-

55 3003 121 3069 tur,
158 3014 229 3076 sqq.
269 2994 308 3056 19
340 2993 428 3066 (107)
456 2995 483 3055 11
506 3015 569 3056 non
593 2995 694 3056 maior
716 2994 895 3056 auctoritas
918 2993 980 3056 illis
1004 2995 1047 3056 nd
1069 2995 1168 3076 fidem
1191 2992 1231 3057 dc

54 3101 204 3163 veritatis
239 3085 314 3163 suae
349 3098 471 3162 viribus
507 3122 602 3183 qnam
636 3098 676 3163 de
699 3101 812 3162 aetatis
836 3098 1001 3162 annalibus
1026 3101 1229 3185 suppetisset.

54 3207 99 3268 21
128 3206 216 3280 (133)
248 3227 313 3269 uon
342 3228 404 3290 qua
427 3208 553 3290 rupices
577 3214 610 3270 et
632 3205 736 3270 adhuc
760 3205 845 3269 feros
869 3205 1012 3270 homines
1036 3205 1231 3269 multitudini

52 3321 104 3376 tot
129 3313 293 3374 numinum
317 3311 579 3376 demerendorum
595 3314 746 3376 attonitos
759 3311 925 3376 efficiendo
937 3313 981 3376 ad
991 3313 1230 3376 humanitatem

52 3426 261 3502 temperaret,
286 3420 316 3492 (1.
342 3440 369 3482 1.
393 3426 429 3481 ut
452 3418 492 3482 ad
515 3418 745 3482 humanitatem
768 3421 1001 3504 pervenirent13
1026 3420 1045 3482 5
1070 3420 1135 3493 (19)
1152 3419 1231 3484 facit

50 3715 110 3752 non
139 3703 198 3752 tam
223 3714 282 3752 sero
309 3697 378 3751 mihi
405 3699 432 3751 in
460 3715 558 3752 manus
585 3701 708 3763 venisset,
733 3691 825 3754 tamen
844 3699 987 3753 consilium
1006 3700 1087 3754 huius
1106 3703 1229 3770 syntaxis
1261 3767 1263 3771 .

48 3787 242 3857 Septimianae
269 3788 353 3856 partis
380 3787 590 3841 conscribendae
616 3805 672 3843 nou
699 3789 891 3858 deposuissem,
919 3790 984 3858 quia
1005 3789 1129 3861 Langeni
1146 3791 1230 3844 verba
1256 3829 1259 3837 ·

47 3892 138 3946 quam
170 3874 295 3945 plurimis
322 3892 357 3928 ex
387 3875 563 3946 Apolegetico
581 3876 712 3946 exemplis
731 3877 866 3930 illustrare
884 3893 985 3946 magno
1003 3879 1065 3932 usui
1087 3895 1143 3932 esse
1161 3878 1230 3932 mihi

45 3964 171 4019 ridetur.
199 3963 284 4018 Porro
311 3963 387 4017 haud
414 3964 534 4018 alienum
561 3981 578 4018 1
605 3965 744 4034 proposito
764 3966 919 4021 existimavi
937 3972 1025 4020 totam
1043 3967 1229 4038 quaestionem

11 4103 13 4136 ι
45 4041 287 4116 denuo'tractsre,
307 4051 330 4105 si
348 4052 418 4106 forte
437 4039 527 4123 plures
546 4054 723 4123 proprietates
741 4071 899 4108 enumerare
917 4072 1032 4126 possem.
1114 4067 1120 4080 ·
