<?xml version="1.0" encoding="UTF-8"?>
<!DOCTYPE html PUBLIC "-//W3C//DTD XHTML 1.0 Transitional//EN"
    "http://www.w3.org/TR/xhtml1/DTD/xhtml1-transitional.dtd">
<html xmlns="http://www.w3.org/1999/xhtml" xml:lang="en" lang="en">
 <head>
  <title>
</title>
<meta http-equiv="Content-Type" content="text/html;charset=utf-8" />
  <meta name='ocr-system' content='tesseract 3.04.00' />
  <meta name='ocr-capabilities' content='ocr_page ocr_carea ocr_par ocr_line ocrx_word'/>
</head>
<body>
  <div class='ocr_page' id='page_1' title='image "./delatinitatequa01blokgoog_0091.png"; bbox 0 0 2788 4500; ppageno 0'>
   <div class='ocr_carea' id='block_1_1' title="bbox 1353 77 1361 252">
    <p class='ocr_par' dir='ltr' id='par_1_1' title="bbox 1353 77 1361 252">
     <span class='ocr_line' id='line_1_1' title="bbox 1353 77 1361 252; baseline 0 -2"><span class='ocrx_word' id='word_1_1' title='bbox 1353 77 1361 252; x_wconf 85' lang='lat' dir='ltr'>l</span> 
     </span>
    </p>
   </div>
   <div class='ocr_carea' id='block_1_2' title="bbox 152 341 1366 2946">
    <p class='ocr_par' dir='ltr' id='par_1_2' title="bbox 152 341 1363 1884">
     <span class='ocr_line' id='line_1_2' title="bbox 152 341 1361 502; baseline -0.004 -20"><span class='ocrx_word' id='word_1_2' title='bbox 152 417 249 494; x_wconf 90' lang='lat' dir='ltr'>volet,</span> <span class='ocrx_word' id='word_1_3' title='bbox 274 439 314 480; x_wconf 85' lang='lat' dir='ltr'>ne</span> <span class='ocrx_word' id='word_1_4' title='bbox 337 415 438 502; x_wconf 85' lang='lat' dir='ltr'>bomo¹</span> <span class='ocrx_word' id='word_1_5' title='bbox 455 413 603 499; x_wconf 80' lang='lat' dir='ltr'>quidem3</span> <span class='ocrx_word' id='word_1_6' title='bbox 626 421 722 496; x_wconf 83' lang='lat' dir='ltr'>atque</span> <span class='ocrx_word' id='word_1_7' title='bbox 745 411 826 476; x_wconf 91' lang='lat' dir='ltr'>adeo</span> <span class='ocrx_word' id='word_1_8' title='bbox 850 420 881 476; x_wconf 89' lang='lat' dir='ltr'>et</span> <span class='ocrx_word' id='word_1_9' title='bbox 904 412 1074 499; x_wconf 87' lang='lat' dir='ltr'>Aegyptiis</span> <span class='ocrx_word' id='word_1_10' title='bbox 1098 418 1251 500; x_wconf 86' lang='lat' dir='ltr'>permissa</span> <span class='ocrx_word' id='word_1_11' title='bbox 1271 424 1309 479; x_wconf 86' lang='lat' dir='ltr'>est</span> <span class='ocrx_word' id='word_1_12' title='bbox 1357 341 1361 482; x_wconf 86' lang='lat' dir='ltr'>l</span> 
     </span>
     <span class='ocr_line' id='line_1_3' title="bbox 152 519 1309 607; baseline -0.002 -19"><span class='ocrx_word' id='word_1_13' title='bbox 152 532 219 587; x_wconf 88' lang='lat' dir='ltr'>tam</span> <span class='ocrx_word' id='word_1_14' title='bbox 240 545 343 588; x_wconf 89' lang='lat' dir='ltr'>vanae</span> <span class='ocrx_word' id='word_1_15' title='bbox 367 521 601 607; x_wconf 79' lang='lat' dir='ltr'>superstitionis</span> <span class='ocrx_word' id='word_1_16' title='bbox 625 527 778 606; x_wconf 67' lang='lat' dir='ltr'>potestas</span> <span class='ocrx_word' id='word_1_17' title='bbox 802 519 916 585; x_wconf 87' lang='lat' dir='ltr'>avibus</span> <span class='ocrx_word' id='word_1_18' title='bbox 940 528 973 584; x_wconf 91' lang='lat' dir='ltr'>et</span> <span class='ocrx_word' id='word_1_19' title='bbox 995 520 1107 585; x_wconf 89' lang='lat' dir='ltr'>bestiis</span> <span class='ocrx_word' id='word_1_20' title='bbox 1135 545 1309 587; x_wconf 89' lang='lat' dir='ltr'>consecran-</span> 
     </span>
     <span class='ocr_line' id='line_1_4' title="bbox 153 624 1310 714; baseline -0.003 -20"><span class='ocrx_word' id='word_1_21' title='bbox 153 630 214 707; x_wconf 85' lang='lat' dir='ltr'>dis,</span> <span class='ocrx_word' id='word_1_22' title='bbox 243 638 275 693; x_wconf 91' lang='lat' dir='ltr'>et</span> <span class='ocrx_word' id='word_1_23' title='bbox 303 630 408 714; x_wconf 91' lang='lat' dir='ltr'>capite</span> <span class='ocrx_word' id='word_1_24' title='bbox 437 624 625 692; x_wconf 82' lang='lat' dir='ltr'>damnandis</span> <span class='ocrx_word' id='word_1_25' title='bbox 654 628 709 710; x_wconf 92' lang='lat' dir='ltr'>qui</span> <span class='ocrx_word' id='word_1_26' title='bbox 737 626 875 710; x_wconf 83' lang='lat' dir='ltr'>aliquem</span> <span class='ocrx_word' id='word_1_27' title='bbox 908 627 1100 692; x_wconf 69' lang='lat' dir='ltr'>laureumodi</span> <span class='ocrx_word' id='word_1_28' title='bbox 1121 628 1216 693; x_wconf 91' lang='lat' dir='ltr'>deum</span> <span class='ocrx_word' id='word_1_29' title='bbox 1238 631 1310 692; x_wconf 91' lang='lat' dir='ltr'>occi·</span> 
     </span>
     <span class='ocr_line' id='line_1_5' title="bbox 153 731 1311 815; baseline -0.003 -15"><span class='ocrx_word' id='word_1_30' title='bbox 153 736 246 800; x_wconf 88' lang='lat' dir='ltr'>derit.</span> <span class='ocrx_word' id='word_1_31' title='bbox 271 735 311 798; x_wconf 83' lang='lat'>27</span> <span class='ocrx_word' id='word_1_32' title='bbox 338 731 428 815; x_wconf 84' lang='grc'><strong>(167)</strong></span> <span class='ocrx_word' id='word_1_33' title='bbox 451 733 535 799; x_wconf 89' lang='lat' dir='ltr'>Nam</span> <span class='ocrx_word' id='word_1_34' title='bbox 558 733 632 797; x_wconf 88' lang='lat' dir='ltr'>licet</span> <span class='ocrx_word' id='word_1_35' title='bbox 656 731 800 796; x_wconf 91' lang='lat' dir='ltr'>subiecta</span> <span class='ocrx_word' id='word_1_36' title='bbox 823 734 866 795; x_wconf 89' lang='lat' dir='ltr'>sit</span> <span class='ocrx_word' id='word_1_37' title='bbox 888 731 1061 798; x_wconf 88' lang='lat' dir='ltr'>nobistota</span> <span class='ocrx_word' id='word_1_38' title='bbox 1073 736 1123 798; x_wconf 88' lang='lat' dir='ltr'>vis</span> <span class='ocrx_word' id='word_1_39' title='bbox 1136 733 1311 799; x_wconf 89' lang='lat' dir='ltr'>daemonum</span> 
     </span>
     <span class='ocr_line' id='line_1_6' title="bbox 155 835 1312 926; baseline -0.004 -19"><span class='ocrx_word' id='word_1_40' title='bbox 155 851 187 907; x_wconf 92' lang='lat' dir='ltr'>et</span> <span class='ocrx_word' id='word_1_41' title='bbox 218 842 378 906; x_wconf 74' lang='lat' dir='ltr'>eiusmodi</span> <span class='ocrx_word' id='word_1_42' title='bbox 412 843 580 926; x_wconf 76' lang='lat' dir='ltr'>spirituum</span> <span class='ocrx_word' id='word_1_43' title='bbox 614 861 684 923; x_wconf 86' lang='lat' dir='ltr'>sqq.</span> <span class='ocrx_word' id='word_1_44' title='bbox 721 838 764 902; x_wconf 77' lang='lat'>34</span> <span class='ocrx_word' id='word_1_45' title='bbox 793 835 883 919; x_wconf 88' lang='grc'><strong>(181)</strong></span> <span class='ocrx_word' id='word_1_46' title='bbox 917 837 951 902; x_wconf 81' lang='lat' dir='ltr'>si</span> <span class='ocrx_word' id='word_1_47' title='bbox 981 861 1046 903; x_wconf 91' lang='lat' dir='ltr'>non</span> <span class='ocrx_word' id='word_1_48' title='bbox 1085 839 1125 904; x_wconf 91' lang='lat' dir='ltr'>de</span> <span class='ocrx_word' id='word_1_49' title='bbox 1160 840 1312 905; x_wconf 86' lang='lat' dir='ltr'>mendacio</span> 
     </span>
     <span class='ocr_line' id='line_1_7' title="bbox 155 943 1312 1031; baseline -0.003 -18"><span class='ocrx_word' id='word_1_50' title='bbox 155 948 315 1023; x_wconf 83' lang='lat' dir='ltr'>erubescit</span> <span class='ocrx_word' id='word_1_51' title='bbox 346 945 486 1011; x_wconf 87' lang='lat' dir='ltr'>adulatio</span> <span class='ocrx_word' id='word_1_52' title='bbox 521 945 681 1010; x_wconf 72' lang='lat' dir='ltr'>etcmuwdi</span> <span class='ocrx_word' id='word_1_53' title='bbox 715 943 876 1008; x_wconf 89' lang='lat' dir='ltr'>bominem</span> <span class='ocrx_word' id='word_1_54' title='bbox 899 943 995 1008; x_wconf 92' lang='lat' dir='ltr'>deum</span> <span class='ocrx_word' id='word_1_55' title='bbox 1018 947 1193 1031; x_wconf 68' lang='lat' dir='ltr'>appellans</span> <span class='ocrx_word' id='word_1_56' title='bbox 1217 950 1312 1010; x_wconf 81' lang='lat' dir='ltr'>timeat</span> 
     </span>
     <span class='ocr_line' id='line_1_8' title="bbox 154 1048 1312 1137; baseline -0.002 -19"><span class='ocrx_word' id='word_1_57' title='bbox 154 1055 261 1118; x_wconf 85' lang='lat' dir='ltr'>saltim</span> <span class='ocrx_word' id='word_1_58' title='bbox 288 1052 328 1122; x_wconf 92' lang='lat' dir='ltr'>de</span> <span class='ocrx_word' id='word_1_59' title='bbox 359 1053 509 1117; x_wconf 84' lang='lat' dir='ltr'>infausto.</span> <span class='ocrx_word' id='word_1_60' title='bbox 542 1052 584 1116; x_wconf 88' lang='grc'>36</span> <span class='ocrx_word' id='word_1_61' title='bbox 610 1048 700 1132; x_wconf 93' lang='grc'><strong>(190)</strong></span> <span class='ocrx_word' id='word_1_62' title='bbox 731 1049 826 1114; x_wconf 88' lang='lat' dir='ltr'>Adeo</span> <span class='ocrx_word' id='word_1_63' title='bbox 854 1052 955 1136; x_wconf 88' lang='lat' dir='ltr'>pietas</span> <span class='ocrx_word' id='word_1_64' title='bbox 987 1059 1020 1116; x_wconf 85' lang='lat' dir='ltr'>et</span> <span class='ocrx_word' id='word_1_65' title='bbox 1046 1053 1157 1137; x_wconf 86' lang='lat' dir='ltr'>religio</span> <span class='ocrx_word' id='word_1_66' title='bbox 1186 1063 1218 1118; x_wconf 89' lang='lat' dir='ltr'>et</span> <span class='ocrx_word' id='word_1_67' title='bbox 1245 1053 1312 1117; x_wconf 86' lang='lat' dir='ltr'>fides</span> 
     </span>
     <span class='ocr_line' id='line_1_9' title="bbox 155 1156 1312 1245; baseline -0.003 -21"><span class='ocrx_word' id='word_1_68' title='bbox 155 1159 398 1245; x_wconf 87' lang='lat' dir='ltr'>imperatoribus</span> <span class='ocrx_word' id='word_1_69' title='bbox 421 1159 529 1223; x_wconf 89' lang='lat' dir='ltr'>debita</span> <span class='ocrx_word' id='word_1_70' title='bbox 552 1179 617 1222; x_wconf 90' lang='lat' dir='ltr'>non</span> <span class='ocrx_word' id='word_1_71' title='bbox 639 1160 673 1220; x_wconf 91' lang='lat' dir='ltr'>in</span> <span class='ocrx_word' id='word_1_72' title='bbox 695 1158 886 1222; x_wconf 75' lang='lat' dir='ltr'>huiusmodi</span> <span class='ocrx_word' id='word_1_73' title='bbox 907 1156 1019 1223; x_wconf 88' lang='lat' dir='ltr'>officiis</span> <span class='ocrx_word' id='word_1_74' title='bbox 1043 1162 1190 1225; x_wconf 84' lang='lat' dir='ltr'>consistit</span> <span class='ocrx_word' id='word_1_75' title='bbox 1211 1159 1312 1245; x_wconf 88' lang='lat' dir='ltr'>quibus</span> 
     </span>
     <span class='ocr_line' id='line_1_10' title="bbox 155 1264 1312 1352; baseline -0.003 -20"><span class='ocrx_word' id='word_1_76' title='bbox 155 1276 190 1332; x_wconf 89' lang='lat' dir='ltr'>et</span> <span class='ocrx_word' id='word_1_77' title='bbox 210 1267 368 1332; x_wconf 89' lang='lat' dir='ltr'>hostilitas</span> <span class='ocrx_word' id='word_1_78' title='bbox 390 1268 492 1350; x_wconf 85' lang='lat' dir='ltr'>magis</span> <span class='ocrx_word' id='word_1_79' title='bbox 516 1264 557 1330; x_wconf 93' lang='lat' dir='ltr'>ad</span> <span class='ocrx_word' id='word_1_80' title='bbox 580 1264 793 1329; x_wconf 86' lang='lat' dir='ltr'>velamentum</span> <span class='ocrx_word' id='word_1_81' title='bbox 810 1265 859 1327; x_wconf 88' lang='lat' dir='ltr'>sui</span> <span class='ocrx_word' id='word_1_82' title='bbox 871 1273 978 1349; x_wconf 87' lang='lat' dir='ltr'>potest</span> <span class='ocrx_word' id='word_1_83' title='bbox 990 1264 1080 1351; x_wconf 82' lang='lat' dir='ltr'>iungi</span> <span class='ocrx_word' id='word_1_84' title='bbox 1093 1289 1163 1352; x_wconf 87' lang='lat' dir='ltr'>sqq.</span> <span class='ocrx_word' id='word_1_85' title='bbox 1181 1269 1221 1332; x_wconf 88' lang='grc'>39</span> <span class='ocrx_word' id='word_1_86' title='bbox 1235 1264 1312 1347; x_wconf 91' lang='grc'><strong>(202)</strong></span> 
     </span>
     <span class='ocr_line' id='line_1_11' title="bbox 156 1354 1363 1457; baseline -0.005 -17"><span class='ocrx_word' id='word_1_87' title='bbox 156 1373 222 1440; x_wconf 84' lang='lat' dir='ltr'>Sed</span> <span class='ocrx_word' id='word_1_88' title='bbox 257 1361 418 1438; x_wconf 78' lang='lat' dir='ltr'>eiusmodi</span> <span class='ocrx_word' id='word_1_89' title='bbox 451 1372 504 1436; x_wconf 88' lang='lat' dir='ltr'>vel</span> <span class='ocrx_word' id='word_1_90' title='bbox 537 1374 674 1435; x_wconf 86' lang='lat' dir='ltr'>maxime</span> <span class='ocrx_word' id='word_1_91' title='bbox 708 1370 889 1434; x_wconf 81' lang='lat' dir='ltr'>dilectionis</span> <span class='ocrx_word' id='word_1_92' title='bbox 925 1375 1067 1457; x_wconf 86' lang='lat' dir='ltr'>operatio</span> <span class='ocrx_word' id='word_1_93' title='bbox 1101 1354 1209 1438; x_wconf 87' lang='lat' dir='ltr'>notam</span> <span class='ocrx_word' id='word_1_94' title='bbox 1234 1373 1313 1438; x_wconf 91' lang='lat' dir='ltr'>nobis</span> <span class='ocrx_word' id='word_1_95' title='bbox 1362 1355 1363 1370; x_wconf 40' lang='lat'>¹</span> 
     </span>
     <span class='ocr_line' id='line_1_12' title="bbox 157 1475 1315 1566; baseline -0.002 -22"><span class='ocrx_word' id='word_1_96' title='bbox 157 1483 254 1545; x_wconf 88' lang='lat' dir='ltr'>inurit</span> <span class='ocrx_word' id='word_1_97' title='bbox 283 1502 384 1566; x_wconf 91' lang='lat' dir='ltr'>penes</span> <span class='ocrx_word' id='word_1_98' title='bbox 414 1477 579 1564; x_wconf 87' lang='lat' dir='ltr'>quosdam.</span> <span class='ocrx_word' id='word_1_99' title='bbox 609 1478 650 1541; x_wconf 81' lang='lat'>47</span> <span class='ocrx_word' id='word_1_100' title='bbox 681 1475 771 1558; x_wconf 81' lang='grc'><strong>(247)</strong></span> <span class='ocrx_word' id='word_1_101' title='bbox 802 1477 856 1542; x_wconf 82' lang='lat' dir='ltr'>Ab</span> <span class='ocrx_word' id='word_1_102' title='bbox 885 1477 935 1542; x_wconf 86' lang='lat' dir='ltr'>his</span> <span class='ocrx_word' id='word_1_103' title='bbox 963 1478 1119 1544; x_wconf 88' lang='lat' dir='ltr'>adulteria</span> <span class='ocrx_word' id='word_1_104' title='bbox 1141 1480 1315 1545; x_wconf 79' lang='lat' dir='ltr'>huiusmodi</span> 
     </span>
     <span class='ocr_line' id='line_1_13' title="bbox 156 1584 1313 1671; baseline -0.002 -21"><span class='ocrx_word' id='word_1_105' title='bbox 156 1587 303 1651; x_wconf 84' lang='lat' dir='ltr'>salutaris</span> <span class='ocrx_word' id='word_1_106' title='bbox 335 1585 523 1671; x_wconf 89' lang='lat' dir='ltr'>disciplinae</span> <span class='ocrx_word' id='word_1_107' title='bbox 553 1584 736 1663; x_wconf 88' lang='lat' dir='ltr'>subornata,</span> <span class='ocrx_word' id='word_1_108' title='bbox 766 1584 806 1648; x_wconf 90' lang='lat' dir='ltr'>ab</span> <span class='ocrx_word' id='word_1_109' title='bbox 830 1584 879 1648; x_wconf 90' lang='lat' dir='ltr'>his</span> <span class='ocrx_word' id='word_1_110' title='bbox 903 1585 1059 1669; x_wconf 89' lang='lat' dir='ltr'>quaedam</span> <span class='ocrx_word' id='word_1_111' title='bbox 1083 1589 1180 1651; x_wconf 88' lang='lat' dir='ltr'>etiam</span> <span class='ocrx_word' id='word_1_112' title='bbox 1202 1587 1313 1652; x_wconf 69' lang='lat' dir='ltr'>tabidae</span> 
     </span>
     <span class='ocr_line' id='line_1_14' title="bbox 158 1689 1315 1776; baseline -0.001 -20"><span class='ocrx_word' id='word_1_113' title='bbox 158 1695 308 1758; x_wconf 89' lang='lat' dir='ltr'>inmissae</span> <span class='ocrx_word' id='word_1_114' title='bbox 343 1713 423 1776; x_wconf 94' lang='lat' dir='ltr'>quae</span> <span class='ocrx_word' id='word_1_115' title='bbox 458 1690 498 1755; x_wconf 88' lang='lat' dir='ltr'>de</span> <span class='ocrx_word' id='word_1_116' title='bbox 534 1691 740 1766; x_wconf 87' lang='lat' dir='ltr'>similitudine</span> <span class='ocrx_word' id='word_1_117' title='bbox 775 1689 870 1756; x_wconf 90' lang='lat' dir='ltr'>fidem</span> <span class='ocrx_word' id='word_1_118' title='bbox 894 1692 1088 1757; x_wconf 86' lang='lat' dir='ltr'>infirmarent</span> <span class='ocrx_word' id='word_1_119' title='bbox 1110 1696 1250 1758; x_wconf 89' lang='lat' dir='ltr'>veritatis</span> <span class='ocrx_word' id='word_1_120' title='bbox 1271 1693 1315 1756; x_wconf 81' lang='lat' dir='ltr'>vel</span> 
     </span>
     <span class='ocr_line' id='line_1_15' title="bbox 159 1799 662 1884; baseline -0.006 -20"><span class='ocrx_word' id='word_1_121' title='bbox 159 1823 230 1864; x_wconf 90' lang='lat' dir='ltr'>eam</span> <span class='ocrx_word' id='word_1_122' title='bbox 253 1799 315 1863; x_wconf 89' lang='lat' dir='ltr'>sibi</span> <span class='ocrx_word' id='word_1_123' title='bbox 337 1800 443 1884; x_wconf 88' lang='lat' dir='ltr'>potius</span> <span class='ocrx_word' id='word_1_124' title='bbox 467 1801 662 1862; x_wconf 90' lang='lat' dir='ltr'>evincerent.</span> 
     </span>
    </p>

    <p class='ocr_par' dir='ltr' id='par_1_3' title="bbox 158 1904 1366 2946">
     <span class='ocr_line' id='line_1_16' title="bbox 203 1904 1317 1990; baseline -0.004 -19"><span class='ocrx_word' id='word_1_125' title='bbox 203 1904 384 1972; x_wconf 89' lang='lat' dir='ltr'>Vocabulis</span> <span class='ocrx_word' id='word_1_126' title='bbox 419 1905 579 1970; x_wconf 72' lang='lat' dir='ltr'>ctcmmodi</span> <span class='ocrx_word' id='word_1_127' title='bbox 613 1911 645 1969; x_wconf 89' lang='lat' dir='ltr'>et</span> <span class='ocrx_word' id='word_1_128' title='bbox 679 1905 871 1978; x_wconf 68' lang='lat' dir='ltr'>lutumst</span> <span class='ocrx_word' id='word_1_129' title='bbox 897 1905 1121 1971; x_wconf 72' lang='lat' dir='ltr'>Tertullianus</span> <span class='ocrx_word' id='word_1_130' title='bbox 1135 1908 1204 1990; x_wconf 84' lang='lat' dir='ltr'>fere</span> <span class='ocrx_word' id='word_1_131' title='bbox 1222 1906 1317 1970; x_wconf 78' lang='lat' dir='ltr'>utitur</span> 
     </span>
     <span class='ocr_line' id='line_1_17' title="bbox 158 2010 1338 2096; baseline -0.002 -20"><span class='ocrx_word' id='word_1_132' title='bbox 158 2012 440 2076; x_wconf 77' lang='lat' dir='ltr'>substantivorum</span> <span class='ocrx_word' id='word_1_133' title='bbox 470 2013 579 2075; x_wconf 77' lang='lat' dir='ltr'>tuctur</span> <span class='ocrx_word' id='word_1_134' title='bbox 612 2017 642 2074; x_wconf 87' lang='lat' dir='ltr'>ct</span> <span class='ocrx_word' id='word_1_135' title='bbox 674 2011 776 2074; x_wconf 81' lang='lat' dir='ltr'>struit</span> <span class='ocrx_word' id='word_1_136' title='bbox 806 2032 881 2074; x_wconf 84' lang='lat' dir='ltr'>cum</span> <span class='ocrx_word' id='word_1_137' title='bbox 906 2014 1223 2096; x_wconf 74' lang='lat' dir='ltr'>praepositionibus.</span> <span class='ocrx_word' id='word_1_138' title='bbox 1246 2010 1338 2093; x_wconf 67' lang='lat' dir='ltr'>(citu</span> 
     </span>
     <span class='ocr_line' id='line_1_18' title="bbox 159 2117 1365 2201; baseline -0.002 -19"><span class='ocrx_word' id='word_1_139' title='bbox 159 2121 258 2198; x_wconf 74' lang='lat' dir='ltr'>accdi,</span> <span class='ocrx_word' id='word_1_140' title='bbox 281 2120 473 2183; x_wconf 76' lang='lat' dir='ltr'>buituruodt</span> <span class='ocrx_word' id='word_1_141' title='bbox 494 2144 538 2172; x_wconf 95' lang='lat'>=</span> <span class='ocrx_word' id='word_1_142' title='bbox 549 2139 600 2182; x_wconf 84' lang='lat' dir='ltr'>res</span> <span class='ocrx_word' id='word_1_143' title='bbox 612 2118 665 2182; x_wconf 91' lang='lat' dir='ltr'>vel</span> <span class='ocrx_word' id='word_1_144' title='bbox 676 2118 823 2182; x_wconf 77' lang='lat' dir='ltr'>homiues</span> <span class='ocrx_word' id='word_1_145' title='bbox 835 2118 961 2195; x_wconf 65' lang='lat' dir='ltr'>eductu„</span> <span class='ocrx_word' id='word_1_146' title='bbox 974 2117 1132 2200; x_wconf 72' lang='lat' dir='ltr'>huiusne.)</span> <span class='ocrx_word' id='word_1_147' title='bbox 1149 2122 1189 2185; x_wconf 87' lang='lat'>15</span> <span class='ocrx_word' id='word_1_148' title='bbox 1200 2118 1263 2201; x_wconf 86' lang='grc'><strong>(85)</strong></span> <span class='ocrx_word' id='word_1_149' title='bbox 1274 2119 1318 2182; x_wconf 91' lang='lat' dir='ltr'>De</span> <span class='ocrx_word' id='word_1_150' title='bbox 1364 2185 1365 2201; x_wconf 13' lang='grc' dir='ltr'>χ</span> 
     </span>
     <span class='ocr_line' id='line_1_19' title="bbox 159 2226 1318 2311; baseline -0.004 -20"><span class='ocrx_word' id='word_1_151' title='bbox 159 2233 346 2311; x_wconf 87' lang='lat' dir='ltr'>contemptu</span> <span class='ocrx_word' id='word_1_152' title='bbox 377 2227 487 2310; x_wconf 89' lang='lat' dir='ltr'>utique</span> <span class='ocrx_word' id='word_1_153' title='bbox 510 2232 681 2289; x_wconf 85' lang='lat' dir='ltr'>censentur</span> <span class='ocrx_word' id='word_1_154' title='bbox 703 2230 768 2286; x_wconf 90' lang='lat' dir='ltr'>tam</span> <span class='ocrx_word' id='word_1_155' title='bbox 792 2246 901 2288; x_wconf 90' lang='lat' dir='ltr'>eorum</span> <span class='ocrx_word' id='word_1_156' title='bbox 924 2226 979 2308; x_wconf 91' lang='lat' dir='ltr'>qui</span> <span class='ocrx_word' id='word_1_157' title='bbox 1003 2226 1164 2290; x_wconf 79' lang='lat' dir='ltr'>eiusmodi</span> <span class='ocrx_word' id='word_1_158' title='bbox 1185 2226 1318 2292; x_wconf 82' lang='lat' dir='ltr'>factitant</span> 
     </span>
     <span class='ocr_line' id='line_1_20' title="bbox 161 2326 1319 2419; baseline -0.003 -21"><span class='ocrx_word' id='word_1_159' title='bbox 161 2356 257 2419; x_wconf 90' lang='lat' dir='ltr'>quam</span> <span class='ocrx_word' id='word_1_160' title='bbox 280 2355 389 2397; x_wconf 85' lang='lat' dir='ltr'>eorum</span> <span class='ocrx_word' id='word_1_161' title='bbox 413 2331 527 2417; x_wconf 88' lang='lat' dir='ltr'>quibus</span> <span class='ocrx_word' id='word_1_162' title='bbox 551 2330 710 2395; x_wconf 84' lang='lat' dir='ltr'>factitant.</span> <span class='ocrx_word' id='word_1_163' title='bbox 735 2331 777 2394; x_wconf 77' lang='lat'>49</span> <span class='ocrx_word' id='word_1_164' title='bbox 802 2326 892 2411; x_wconf 91' lang='grc'><strong>(260)</strong></span> <span class='ocrx_word' id='word_1_165' title='bbox 917 2330 974 2399; x_wconf 85' lang='lat' dir='ltr'>sed</span> <span class='ocrx_word' id='word_1_166' title='bbox 996 2332 1035 2395; x_wconf 78' lang='lat' dir='ltr'>tu</span> <span class='ocrx_word' id='word_1_167' title='bbox 1055 2333 1216 2397; x_wconf 69' lang='lat' dir='ltr'>eiusmodi</span> <span class='ocrx_word' id='word_1_168' title='bbox 1237 2335 1319 2406; x_wconf 80' lang='lat' dir='ltr'>enim,</span> 
     </span>
     <span class='ocr_line' id='line_1_21' title="bbox 160 2435 1319 2524; baseline -0.003 -21"><span class='ocrx_word' id='word_1_169' title='bbox 160 2442 189 2503; x_wconf 89' lang='lat' dir='ltr'>si</span> <span class='ocrx_word' id='word_1_170' title='bbox 223 2441 343 2524; x_wconf 85' lang='lat' dir='ltr'>utique,</span> <span class='ocrx_word' id='word_1_171' title='bbox 378 2439 489 2502; x_wconf 89' lang='lat' dir='ltr'>inrisui</span> <span class='ocrx_word' id='word_1_172' title='bbox 523 2435 728 2501; x_wconf 87' lang='lat' dir='ltr'>iudicandum</span> <span class='ocrx_word' id='word_1_173' title='bbox 763 2443 821 2518; x_wconf 84' lang='lat' dir='ltr'>est,</span> <span class='ocrx_word' id='word_1_174' title='bbox 856 2459 922 2500; x_wconf 94' lang='lat' dir='ltr'>non</span> <span class='ocrx_word' id='word_1_175' title='bbox 954 2437 1069 2522; x_wconf 84' lang='lat' dir='ltr'>gladiis</span> <span class='ocrx_word' id='word_1_176' title='bbox 1087 2444 1126 2503; x_wconf 89' lang='lat' dir='ltr'>&#39;et</span> <span class='ocrx_word' id='word_1_177' title='bbox 1149 2440 1271 2524; x_wconf 83' lang='lat' dir='ltr'>ignibus</span> <span class='ocrx_word' id='word_1_178' title='bbox 1292 2447 1319 2502; x_wconf 90' lang='lat' dir='ltr'>et</span> 
     </span>
     <span class='ocr_line' id='line_1_22' title="bbox 161 2542 1366 2629; baseline -0.002 -20"><span class='ocrx_word' id='word_1_179' title='bbox 161 2545 309 2610; x_wconf 86' lang='lat' dir='ltr'>crucibus</span> <span class='ocrx_word' id='word_1_180' title='bbox 345 2553 378 2608; x_wconf 88' lang='lat' dir='ltr'>et</span> <span class='ocrx_word' id='word_1_181' title='bbox 410 2544 532 2608; x_wconf 85' lang='lat' dir='ltr'>bestiis.</span> <span class='ocrx_word' id='word_1_182' title='bbox 568 2542 620 2607; x_wconf 79' lang='lat' dir='ltr'>Cf.</span> <span class='ocrx_word' id='word_1_183' title='bbox 656 2565 751 2629; x_wconf 88' lang='lat' dir='ltr'>porro</span> <span class='ocrx_word' id='word_1_184' title='bbox 783 2542 823 2607; x_wconf 90' lang='lat' dir='ltr'>ad</span> <span class='ocrx_word' id='word_1_185' title='bbox 846 2543 934 2607; x_wconf 92' lang='lat' dir='ltr'>Natt.</span> <span class='ocrx_word' id='word_1_186' title='bbox 959 2543 987 2607; x_wconf 94' lang='grc' dir='ltr'>Ι.</span> <span class='ocrx_word' id='word_1_187' title='bbox 1013 2547 1032 2608; x_wconf 88' lang='grc'><strong>5</strong></span> <span class='ocrx_word' id='word_1_188' title='bbox 1057 2542 1148 2628; x_wconf 85' lang='grc'><strong>(283)</strong></span> <span class='ocrx_word' id='word_1_189' title='bbox 1173 2554 1321 2611; x_wconf 87' lang='lat' dir='ltr'>ettamen</span> <span class='ocrx_word' id='word_1_190' title='bbox 1365 2573 1366 2586; x_wconf 51' lang='lat'>¹</span> 
     </span>
     <span class='ocr_line' id='line_1_23' title="bbox 161 2649 1320 2736; baseline -0.002 -20"><span class='ocrx_word' id='word_1_191' title='bbox 161 2652 322 2717; x_wconf 66' lang='lat' dir='ltr'>circumda</span> <span class='ocrx_word' id='word_1_192' title='bbox 355 2664 458 2735; x_wconf 86' lang='lat' dir='ltr'>neque</span> <span class='ocrx_word' id='word_1_193' title='bbox 492 2658 687 2734; x_wconf 87' lang='lat' dir='ltr'>congregant</span> <span class='ocrx_word' id='word_1_194' title='bbox 720 2671 824 2734; x_wconf 86' lang='lat' dir='ltr'>neque</span> <span class='ocrx_word' id='word_1_195' title='bbox 860 2652 1053 2736; x_wconf 89' lang='lat' dir='ltr'>participant</span> <span class='ocrx_word' id='word_1_196' title='bbox 1081 2652 1266 2729; x_wconf 88' lang='lat' dir='ltr'>nobiscum;</span> <span class='ocrx_word' id='word_1_197' title='bbox 1287 2649 1320 2715; x_wconf 90' lang='lat' dir='ltr'>ad</span> 
     </span>
     <span class='ocr_line' id='line_1_24' title="bbox 161 2753 1321 2845; baseline -0.003 -23"><span class='ocrx_word' id='word_1_198' title='bbox 161 2758 251 2823; x_wconf 86' lang='lat' dir='ltr'>Natt.</span> <span class='ocrx_word' id='word_1_199' title='bbox 286 2757 333 2822; x_wconf 89' lang='lat' dir='ltr'>II.</span> <span class='ocrx_word' id='word_1_200' title='bbox 372 2759 399 2821; x_wconf 94' lang='grc'>1.</span> <span class='ocrx_word' id='word_1_201' title='bbox 437 2753 526 2838; x_wconf 83' lang='grc'><strong>(334)</strong></span> <span class='ocrx_word' id='word_1_202' title='bbox 562 2757 711 2840; x_wconf 90' lang='lat' dir='ltr'>quoniam</span> <span class='ocrx_word' id='word_1_203' title='bbox 744 2758 845 2820; x_wconf 91' lang='lat' dir='ltr'>maior</span> <span class='ocrx_word' id='word_1_204' title='bbox 877 2757 916 2819; x_wconf 81' lang='lat' dir='ltr'>tu</span> <span class='ocrx_word' id='word_1_205' title='bbox 939 2757 1130 2822; x_wconf 78' lang='lat' dir='ltr'>huiusmodi</span> <span class='ocrx_word' id='word_1_206' title='bbox 1152 2781 1250 2845; x_wconf 88' lang='lat' dir='ltr'>penes</span> <span class='ocrx_word' id='word_1_207' title='bbox 1273 2778 1321 2822; x_wconf 91' lang='lat' dir='ltr'>vos</span> 
     </span>
     <span class='ocr_line' id='line_1_25' title="bbox 163 2863 1322 2946; baseline -0.003 -17"><span class='ocrx_word' id='word_1_208' title='bbox 163 2866 334 2929; x_wconf 87' lang='lat' dir='ltr'>auctoritas</span> <span class='ocrx_word' id='word_1_209' title='bbox 369 2864 544 2927; x_wconf 88' lang='lat' dir='ltr'>litterarum</span> <span class='ocrx_word' id='word_1_210' title='bbox 567 2884 662 2946; x_wconf 88' lang='lat' dir='ltr'>quam</span> <span class='ocrx_word' id='word_1_211' title='bbox 683 2884 789 2926; x_wconf 88' lang='lat' dir='ltr'>rerum</span> <span class='ocrx_word' id='word_1_212' title='bbox 811 2870 869 2926; x_wconf 89' lang='lat' dir='ltr'>est.</span> <span class='ocrx_word' id='word_1_213' title='bbox 893 2863 1063 2930; x_wconf 83' lang='lat' dir='ltr'>Adversus</span> <span class='ocrx_word' id='word_1_214' title='bbox 1086 2864 1322 2932; x_wconf 88' lang='lat' dir='ltr'>Valentinianos</span> 
     </span>
    </p>
   </div>
   <div class='ocr_carea' id='block_1_3' title="bbox 720 218 760 281">
    <p class='ocr_par' dir='ltr' id='par_1_4' title="bbox 720 218 760 281">
     <span class='ocr_line' id='line_1_26' title="bbox 720 218 760 281; baseline 0 0"><span class='ocrx_word' id='word_1_215' title='bbox 720 218 760 281; x_wconf 83' lang='lat'>78</span> 
     </span>
    </p>
   </div>
   <div class='ocr_carea' id='block_1_4' title="bbox 161 2966 1324 3596">
    <p class='ocr_par' dir='ltr' id='par_1_5' title="bbox 161 2966 1324 3596">
     <span class='ocr_line' id='line_1_27' title="bbox 162 2966 1322 3058; baseline -0.003 -22"><span class='ocrx_word' id='word_1_216' title='bbox 162 2967 246 3036; x_wconf 80' lang='lat' dir='ltr'>VH.</span> <span class='ocrx_word' id='word_1_217' title='bbox 283 2966 347 3054; x_wconf 85' lang='lat' dir='ltr'>(pg.</span> <span class='ocrx_word' id='word_1_218' title='bbox 384 2970 447 3032; x_wconf 87' lang='grc'>389</span> <span class='ocrx_word' id='word_1_219' title='bbox 484 2968 525 3033; x_wconf 94' lang='lat' dir='ltr'>O.</span> <span class='ocrx_word' id='word_1_220' title='bbox 562 2968 611 3032; x_wconf 86' lang='lat' dir='ltr'>ed.</span> <span class='ocrx_word' id='word_1_221' title='bbox 639 2966 726 3049; x_wconf 84' lang='lat' dir='ltr'>mai.)</span> <span class='ocrx_word' id='word_1_222' title='bbox 751 2967 816 3034; x_wconf 82' lang='lat' dir='ltr'>Sed</span> <span class='ocrx_word' id='word_1_223' title='bbox 839 2978 873 3032; x_wconf 88' lang='lat' dir='ltr'>nt</span> <span class='ocrx_word' id='word_1_224' title='bbox 897 2972 940 3033; x_wconf 90' lang='lat' dir='ltr'>sit</span> <span class='ocrx_word' id='word_1_225' title='bbox 962 2973 1140 3058; x_wconf 87' lang='lat' dir='ltr'>expostulo,</span> <span class='ocrx_word' id='word_1_226' title='bbox 1166 2996 1225 3039; x_wconf 88' lang='lat' dir='ltr'>nec</span> <span class='ocrx_word' id='word_1_227' title='bbox 1249 2968 1322 3038; x_wconf 86' lang='lat' dir='ltr'>aliud</span> 
     </span>
     <span class='ocr_line' id='line_1_28' title="bbox 161 3074 1324 3163; baseline -0.001 -21"><span class='ocrx_word' id='word_1_228' title='bbox 161 3078 262 3161; x_wconf 90' lang='lat' dir='ltr'>magis</span> <span class='ocrx_word' id='word_1_229' title='bbox 285 3076 537 3140; x_wconf 69' lang='lat' dir='ltr'>cuicuiusmodi</span> <span class='ocrx_word' id='word_1_230' title='bbox 559 3074 676 3139; x_wconf 91' lang='lat' dir='ltr'>denoto</span> <span class='ocrx_word' id='word_1_231' title='bbox 700 3098 794 3160; x_wconf 89' lang='lat' dir='ltr'>quam</span> <span class='ocrx_word' id='word_1_232' title='bbox 818 3076 904 3161; x_wconf 93' lang='lat' dir='ltr'>quod</span> <span class='ocrx_word' id='word_1_233' title='bbox 928 3086 1002 3163; x_wconf 91' lang='lat' dir='ltr'>post</span> <span class='ocrx_word' id='word_1_234' title='bbox 1014 3081 1119 3143; x_wconf 91' lang='lat' dir='ltr'>omnia</span> <span class='ocrx_word' id='word_1_235' title='bbox 1130 3083 1324 3144; x_wconf 88' lang='lat' dir='ltr'>inveniuntur</span> 
     </span>
     <span class='ocr_line' id='line_1_29' title="bbox 161 3181 1132 3269; baseline 0.001 -21"><span class='ocrx_word' id='word_1_236' title='bbox 161 3186 217 3269; x_wconf 93' lang='lat' dir='ltr'>qui</span> <span class='ocrx_word' id='word_1_237' title='bbox 240 3190 313 3248; x_wconf 88' lang='lat' dir='ltr'>ante</span> <span class='ocrx_word' id='word_1_238' title='bbox 337 3185 443 3247; x_wconf 91' lang='lat' dir='ltr'>omnia</span> <span class='ocrx_word' id='word_1_239' title='bbox 465 3182 565 3246; x_wconf 85' lang='lat' dir='ltr'>fuisse</span> <span class='ocrx_word' id='word_1_240' title='bbox 588 3181 748 3260; x_wconf 85' lang='lat' dir='ltr'>dicuntur,</span> <span class='ocrx_word' id='word_1_241' title='bbox 773 3191 803 3247; x_wconf 86' lang='lat' dir='ltr'>et</span> <span class='ocrx_word' id='word_1_242' title='bbox 827 3182 955 3267; x_wconf 91' lang='lat' dir='ltr'>quidem</span> <span class='ocrx_word' id='word_1_243' title='bbox 979 3206 1045 3248; x_wconf 91' lang='lat' dir='ltr'>non</span> <span class='ocrx_word' id='word_1_244' title='bbox 1066 3207 1132 3250; x_wconf 88' lang='lat' dir='ltr'>sua.</span> 
     </span>
     <span class='ocr_line' id='line_1_30' title="bbox 208 3288 1323 3378; baseline -0.003 -25"><span class='ocrx_word' id='word_1_245' title='bbox 208 3288 381 3375; x_wconf 85' lang='lat' dir='ltr'>Complura</span> <span class='ocrx_word' id='word_1_246' title='bbox 426 3288 616 3352; x_wconf 67' lang='lat' dir='ltr'>autumali</span> <span class='ocrx_word' id='word_1_247' title='bbox 661 3297 693 3351; x_wconf 86' lang='lat' dir='ltr'>et</span> <span class='ocrx_word' id='word_1_248' title='bbox 726 3289 887 3353; x_wconf 75' lang='lat' dir='ltr'>eiusmodi</span> <span class='ocrx_word' id='word_1_249' title='bbox 931 3313 1004 3354; x_wconf 92' lang='lat' dir='ltr'>cum</span> <span class='ocrx_word' id='word_1_250' title='bbox 1045 3291 1323 3378; x_wconf 87' lang='lat' dir='ltr'>praepositionibus</span> 
     </span>
     <span class='ocr_line' id='line_1_31' title="bbox 163 3392 1323 3482; baseline -0.004 -20"><span class='ocrx_word' id='word_1_251' title='bbox 163 3398 405 3462; x_wconf 90' lang='lat' dir='ltr'>coniunctorum</span> <span class='ocrx_word' id='word_1_252' title='bbox 429 3393 573 3478; x_wconf 86' lang='lat' dir='ltr'>exempla</span> <span class='ocrx_word' id='word_1_253' title='bbox 596 3392 689 3456; x_wconf 84' lang='lat' dir='ltr'>affert</span> <span class='ocrx_word' id='word_1_254' title='bbox 711 3393 869 3460; x_wconf 86' lang='lat' dir='ltr'>Oehlerus</span> <span class='ocrx_word' id='word_1_255' title='bbox 894 3396 951 3473; x_wconf 81' lang='lat' dir='ltr'>„de</span> <span class='ocrx_word' id='word_1_256' title='bbox 974 3397 1142 3482; x_wconf 88' lang='lat' dir='ltr'>Baptismo</span> <span class='ocrx_word' id='word_1_257' title='bbox 1166 3422 1194 3464; x_wconf 94' lang='lat' dir='ltr'>c.</span> <span class='ocrx_word' id='word_1_258' title='bbox 1216 3401 1265 3463; x_wconf 93' lang='grc'>12.</span> <span class='ocrx_word' id='word_1_259' title='bbox 1280 3418 1323 3482; x_wconf 89' lang='lat' dir='ltr'>pg.</span> 
     </span>
     <span class='ocr_line' id='line_1_32' title="bbox 165 3500 1322 3596; baseline -0.005 -28"><span class='ocrx_word' id='word_1_260' title='bbox 165 3502 248 3568; x_wconf 82' lang='lat'>631”</span> <span class='ocrx_word' id='word_1_261' title='bbox 277 3500 444 3583; x_wconf 81' lang='lat' dir='ltr'>(„Audivi‚</span> <span class='ocrx_word' id='word_1_262' title='bbox 469 3500 597 3565; x_wconf 91' lang='lat' dir='ltr'>domino</span> <span class='ocrx_word' id='word_1_263' title='bbox 620 3507 711 3577; x_wconf 90' lang='lat' dir='ltr'>teste,</span> <span class='ocrx_word' id='word_1_264' title='bbox 736 3502 899 3576; x_wconf 62' lang='lat' dir='ltr'>ammoto·</span> <span class='ocrx_word' id='word_1_265' title='bbox 911 3500 961 3583; x_wconf 77' lang='lat' dir='ltr'>(tu</span> <span class='ocrx_word' id='word_1_266' title='bbox 973 3505 1134 3596; x_wconf 74' lang='lat' dir='ltr'>ctrmruodi</span> <span class='ocrx_word' id='word_1_267' title='bbox 1145 3504 1199 3586; x_wconf 85' lang='grc' dir='ltr'>Α),</span> <span class='ocrx_word' id='word_1_268' title='bbox 1213 3505 1322 3587; x_wconf 88' lang='lat' dir='ltr'>nequis</span> 
     </span>
    </p>
   </div>
   <div class='ocr_carea' id='block_1_5' title="bbox 164 3592 1321 4118">
    <p class='ocr_par' dir='ltr' id='par_1_6' title="bbox 164 3592 1321 4118">
     <span class='ocr_line' id='line_1_33' title="bbox 164 3592 1320 3695; baseline -0.006 -20"><span class='ocrx_word' id='word_1_269' title='bbox 164 3633 215 3675; x_wconf 90' lang='lat' dir='ltr'>me</span> <span class='ocrx_word' id='word_1_270' title='bbox 249 3617 314 3672; x_wconf 84' lang='lat' dir='ltr'>tam</span> <span class='ocrx_word' id='word_1_271' title='bbox 347 3608 507 3695; x_wconf 90' lang='lat' dir='ltr'>perditum</span> <span class='ocrx_word' id='word_1_272' title='bbox 542 3607 710 3683; x_wconf 86' lang='lat' dir='ltr'>existimet,</span> <span class='ocrx_word' id='word_1_273' title='bbox 745 3616 781 3670; x_wconf 90' lang='lat' dir='ltr'>ut</span> <span class='ocrx_word' id='word_1_274' title='bbox 804 3592 887 3672; x_wconf 87' lang='lat' dir='ltr'>ultro</span> <span class='ocrx_word' id='word_1_275' title='bbox 911 3612 1089 3694; x_wconf 86' lang='lat' dir='ltr'>excogitem</span> <span class='ocrx_word' id='word_1_276' title='bbox 1112 3610 1243 3675; x_wconf 89' lang='lat' dir='ltr'>libidine</span> <span class='ocrx_word' id='word_1_277' title='bbox 1266 3608 1320 3672; x_wconf 88' lang='lat' dir='ltr'>stili</span> 
     </span>
     <span class='ocr_line' id='line_1_34' title="bbox 164 3710 1321 3801; baseline -0.003 -21"><span class='ocrx_word' id='word_1_278' title='bbox 164 3737 246 3801; x_wconf 86' lang='lat' dir='ltr'>quae</span> <span class='ocrx_word' id='word_1_279' title='bbox 270 3715 339 3779; x_wconf 88' lang='lat' dir='ltr'>aliis</span> <span class='ocrx_word' id='word_1_280' title='bbox 364 3714 546 3800; x_wconf 89' lang='lat' dir='ltr'>scrupulum</span> <span class='ocrx_word' id='word_1_281' title='bbox 569 3710 770 3793; x_wconf 79' lang='lat' dir='ltr'>incutiant.”)</span> <span class='ocrx_word' id='word_1_282' title='bbox 794 3722 825 3778; x_wconf 89' lang='lat' dir='ltr'>et</span> <span class='ocrx_word' id='word_1_283' title='bbox 849 3716 978 3799; x_wconf 84' lang='lat' dir='ltr'>quidem</span> <span class='ocrx_word' id='word_1_284' title='bbox 1000 3717 1097 3781; x_wconf 89' lang='lat' dir='ltr'>haec:</span> <span class='ocrx_word' id='word_1_285' title='bbox 1129 3717 1183 3781; x_wconf 85' lang='lat' dir='ltr'>Ad</span> <span class='ocrx_word' id='word_1_286' title='bbox 1206 3714 1321 3800; x_wconf 82' lang='lat' dir='ltr'>Scapul</span> 
     </span>
     <span class='ocr_line' id='line_1_35' title="bbox 164 3816 1320 3908; baseline -0.005 -23"><span class='ocrx_word' id='word_1_287' title='bbox 164 3845 193 3885; x_wconf 91' lang='lat' dir='ltr'>c.</span> <span class='ocrx_word' id='word_1_288' title='bbox 219 3823 239 3884; x_wconf 83' lang='lat'>4</span> <span class='ocrx_word' id='word_1_289' title='bbox 280 3821 479 3898; x_wconf 80' lang='lat' dir='ltr'>„mandatum</span> <span class='ocrx_word' id='word_1_290' title='bbox 502 3829 551 3882; x_wconf 90' lang='lat' dir='ltr'>est</span> <span class='ocrx_word' id='word_1_291' title='bbox 573 3816 782 3881; x_wconf 89' lang='lat' dir='ltr'>animadverti</span> <span class='ocrx_word' id='word_1_292' title='bbox 805 3821 844 3882; x_wconf 79' lang='lat' dir='ltr'>tu</span> <span class='ocrx_word' id='word_1_293' title='bbox 866 3822 1085 3886; x_wconf 80' lang='lat' dir='ltr'>butusruoda&#39;.&#39;’</span> <span class='ocrx_word' id='word_1_294' title='bbox 1111 3823 1164 3886; x_wconf 90' lang='lat' dir='ltr'>De</span> <span class='ocrx_word' id='word_1_295' title='bbox 1187 3821 1320 3908; x_wconf 85' lang='lat' dir='ltr'>Spectac.</span> 
     </span>
     <span class='ocr_line' id='line_1_36' title="bbox 167 3923 1319 4010; baseline -0.004 -21"><span class='ocrx_word' id='word_1_296' title='bbox 167 3950 196 3995; x_wconf 83' lang='lat' dir='ltr'>o.</span> <span class='ocrx_word' id='word_1_297' title='bbox 224 3929 263 3988; x_wconf 90' lang='grc'>16</span> <span class='ocrx_word' id='word_1_298' title='bbox 293 3925 411 4001; x_wconf 81' lang='lat' dir='ltr'>„aliave</span> <span class='ocrx_word' id='word_1_299' title='bbox 435 3945 531 4008; x_wconf 88' lang='lat' dir='ltr'>opera</span> <span class='ocrx_word' id='word_1_300' title='bbox 554 3925 592 3985; x_wconf 78' lang='lat' dir='ltr'>iu</span> <span class='ocrx_word' id='word_1_301' title='bbox 615 3923 775 3986; x_wconf 77' lang='lat' dir='ltr'>eiusmodi</span> <span class='ocrx_word' id='word_1_302' title='bbox 797 3925 941 4010; x_wconf 85' lang='lat' dir='ltr'>fungar.”</span> <span class='ocrx_word' id='word_1_303' title='bbox 978 3926 1063 3991; x_wconf 87' lang='lat' dir='ltr'>Ibid.</span> <span class='ocrx_word' id='word_1_304' title='bbox 1085 3950 1115 3998; x_wconf 15' lang='lat' dir='ltr'>Ac.</span> <span class='ocrx_word' id='word_1_305' title='bbox 1142 3929 1182 3991; x_wconf 87' lang='lat'>21</span> <span class='ocrx_word' id='word_1_306' title='bbox 1217 3925 1319 4005; x_wconf 79' lang='lat' dir='ltr'>„fidelis</span> 
     </span>
     <span class='ocr_line' id='line_1_37' title="bbox 166 4027 1320 4118; baseline -0.003 -26"><span class='ocrx_word' id='word_1_307' title='bbox 166 4039 273 4093; x_wconf 88' lang='lat' dir='ltr'>autem</span> <span class='ocrx_word' id='word_1_308' title='bbox 295 4030 333 4090; x_wconf 82' lang='lat' dir='ltr'>tu</span> <span class='ocrx_word' id='word_1_309' title='bbox 356 4029 515 4091; x_wconf 77' lang='lat' dir='ltr'>eiusmodi</span> <span class='ocrx_word' id='word_1_310' title='bbox 537 4027 646 4090; x_wconf 83' lang='lat' dir='ltr'>videre</span> <span class='ocrx_word' id='word_1_311' title='bbox 669 4027 794 4092; x_wconf 56' lang='lat' dir='ltr'>debet!</span> <span class='ocrx_word' id='word_1_312' title='bbox 822 4031 872 4094; x_wconf 92' lang='lat' dir='ltr'>De</span> <span class='ocrx_word' id='word_1_313' title='bbox 895 4032 1008 4096; x_wconf 93' lang='lat' dir='ltr'>Pudic.</span> <span class='ocrx_word' id='word_1_314' title='bbox 1033 4055 1061 4096; x_wconf 92' lang='lat' dir='ltr'>c.</span> <span class='ocrx_word' id='word_1_315' title='bbox 1086 4033 1128 4096; x_wconf 88' lang='grc'>20</span> <span class='ocrx_word' id='word_1_316' title='bbox 1158 4056 1236 4118; x_wconf 83' lang='lat' dir='ltr'>„qua</span> <span class='ocrx_word' id='word_1_317' title='bbox 1258 4049 1320 4094; x_wconf 87' lang='lat' dir='ltr'>vero</span> 
     </span>
    </p>
   </div>
   <div class='ocr_carea' id='block_1_6' title="bbox 0 0 1413 4500">
    <p class='ocr_par' dir='ltr' id='par_1_7' title="bbox 0 0 1413 4500">
     <span class='ocr_line' id='line_1_38' title="bbox 0 0 1413 4500; baseline 0 0"><span class='ocrx_word' id='word_1_318' title='bbox 0 0 1413 4500; x_wconf 95' lang='lat' dir='ltr'> </span> 
     </span>
    </p>
   </div>
  </div>
 </body>
</html>
