2808 4492
650 232 711 295 127

97 427 189 489 tionis
224 424 309 511 apud
332 425 563 489 Tertullianum
586 446 673 502 nsua,
697 447 757 488 neo
781 427 968 510 antiquioris
993 430 1106 491 aetatis
1130 430 1266 514 scripto-

95 531 179 595 ribus
215 533 351 616 ignotus,
380 531 435 594 ubi
458 531 536 599 eliis
558 531 621 594 rei·
632 531 820 614 cuiuspiam
843 553 924 596 erere
946 535 1157 616 relinquitur,
1181 535 1267 601 idem

96 639 161 703 fere
184 638 364 723 significans
389 636 475 721 quod
502 637 608 709 „nihii
618 635 749 719 reseri”.
770 637 809 700 16
823 633 891 718 (89)
905 637 987 702 Cum
1002 638 1122 722 lignum
1138 639 1266 724 aliquod

95 747 290 830 propitiatur,
327 745 447 808 viderit
481 743 622 821 habitata,
651 766 725 808 oum
746 746 896 808 materiae
920 745 1055 829 qualitas
1079 745 1191 810 eadem
1214 750 1265 825 sit,

94 852 209 915 adeat
238 851 357 934 forma,
384 850 460 914 dum
484 849 516 913 id
540 853 644 936 ipsum
668 849 719 914 dei
743 871 859 935 eorpus
884 853 926 913 sit
949 847 980 931 (i.
1007 874 1034 916 e.
1058 853 1146 916 riiltil
1167 853 1267 936 referi

94 958 233 1036 liabitas,
257 959 346 1022 riiltil
367 954 501 1040 forme.)
526 958 567 1021 25
582 956 671 1038 (159)
703 958 835 1035 Viderit,
860 957 991 1042 Cybele,
1017 961 1044 1022 si
1067 959 1177 1024 urbem
1199 960 1266 1025 Ro-

94 1087 217 1129 manam
233 1073 269 1128 ut
284 1066 469 1128 memoriam
483 1062 614 1128 Troiani
629 1066 754 1148 generis
766 1063 936 1129 adamavit.
950 1066 992 1128 42
1006 1061 1096 1147 (223)
1119 1067 1267 1131 Viderint

94 1174 148 1256 qui
170 1195 228 1258 per
250 1172 400 1257 capillum
424 1170 604 1236 adorantur.
629 1170 681 1235 Cf.
706 1170 878 1250 Minuel.
904 1173 990 1242 382,

93 1383 171 1436 Trist.
191 1382 226 1436 V.
246 1383 271 1436 2.
290 1382 335 1446 43;
354 1380 479 1434 similiter
496 1385 523 1433 et
535 1379 634 1433 Graeci
652 1379 761 1448 passim,
781 1383 813 1432 ut
831 1379 945 1432 Lucian.
965 1380 1037 1434 Dial.
1057 1381 1139 1435 Mort.
1158 1387 1224 1437 tom.
1243 1385 1267 1438 Ι.

94 1489 120 1540 p.
147 1471 200 1524 267
228 1469 281 1539 (ed.
299 1469 391 1537 Voss.)
417 1464 590 1539 ,Ἀμφίλοχος
609 1465 660 1536 μὲν
679 1463 761 1530 οὗτος
779 1465 816 1521 ἂν
835 1465 922 1537 εἰδείη
942 1466 985 1522 ὅτι
1004 1471 1080 1541 αὐτῷ
1098 1471 1267 1541 ἀποκριτέον

93 1556 162 1628 ὑπὲρ
182 1560 296 1613 αὑτοῦ.”
316 1558 359 1613 Id.
379 1558 532 1627 Contempl.
555 1575 600 1628 pg.
619 1557 686 1610 345:
708 1557 749 1622 ,al
767 1554 798 1611 di?
817 1558 912 1626 ἀληθῆ
932 1557 996 1626 ἐστι,
1016 1560 1048 1612 σὺ
1068 1557 1113 1628 dlv,
1132 1555 1266 1633 ὦἛρμῆ,

93 1649 140 1701 καὶ
168 1648 196 1702 oi
221 1649 340 1718 ποιηταὶ
367 1645 484 1716 εἰδῆτε.”
513 1647 556 1702 Of.
584 1663 665 1716 porro
683 1646 720 1700 ad
738 1646 803 1700 Nat.
822 1647 845 1700 I.
866 1648 881 1700 7
902 1646 1144 1726 (291)uoiderimua
1161 1651 1196 1705 de
1214 1652 1268 1707 fide

92 1737 214 1803 istorum,
243 1735 313 1791 dum
339 1753 389 1790 suo
419 1735 479 1790 loco
497 1733 666 1805 digeruntur.
685 1735 710 1789 Ι.
731 1735 763 1788 12
782 1735 856 1803 (310)
875 1735 992 1790 viderint
1009 1756 1083 1793 nune
1101 1731 1282 1805 liniamenta*

89 1826 156 1880 dum
188 1843 246 1879 una
263 1826 299 1880 sit
317 1825 443 1895 qualitas,
462 1824 559 1877 viderit
577 1823 674 1888 forma,
693 1823 761 1877 dum
780 1824 870 1894 ipsum
888 1825 924 1879 sit
941 1825 987 1879 dei
1004 1844 1111 1898 eorpus.
1129 1829 1184 1884 Ad.
1202 1830 1268 1884 Nat.

89 1915 111 1968 I.
145 1917 199 1970 17:
229 1915 293 1968 Hoc
317 1913 378 1968 looo
404 1913 531 1967 Romana
549 1930 614 1982 gens
633 1913 730 1966 erilerit
747 1913 775 1965 in
794 1913 894 1983 quibus
912 1914 1062 1970 indomitae
1080 1923 1107 1972 et
1125 1925 1269 1973 extraneae

89 2005 223 2058 nationes.
261 2002 300 2055 II.
338 2002 363 2055 6.
403 2000 478 2070 (351)
520 2001 644 2054 Viderint
680 2001 764 2071 igitur
799 2001 936 2056 humanae
975 2003 1115 2059 doetrinae
1153 2009 1268 2076 patroci-

24 2137 25 2144 ,
88 2093 135 2145 nia
182 2108 254 2162 quae
291 2090 462 2145 coniectandi
498 2089 613 2144 artifieio
649 2090 811 2160 sapientiam
846 2093 1019 2146 mentiuntur
1054 2099 1082 2148 et
1118 2096 1267 2150 veritatem.

25 2191 26 2194 ’
88 2182 131 2235 De
171 2179 244 2234 Pall.
281 2196 304 2232 e.
333 2179 362 2232 6:
403 2177 528 2244 ,Viderit
562 2194 635 2231 nunc
661 2177 834 2248 philosophia
864 2180 931 2250 quid
961 2183 1072 2251 prosit.’'
1092 2183 1135 2238 De
1162 2185 1267 2239 Paenit.

87 2287 109 2324 c.
130 2270 156 2324 ,2
186 2268 316 2337 ,Viderit
353 2284 416 2337 ergo
453 2267 571 2337 ingratia
607 2266 757 2331 hominum,
795 2268 818 2321 si
836 2270 920 2323 etiam
955 2270 1033 2324 bonis
1069 2272 1150 2326 laetis
1177 2275 1268 2344 paeni-

86 2359 205 2412 tentiam
234 2356 331 2426 oogit.’'
359 2355 431 2409 Adv.
459 2355 592 2426 Hermog.
622 2357 649 2409 1:
680 2355 750 2423 ,Sed
777 2357 876 2411 viderit
902 2376 1033 2429 persona3
1062 2377 1126 2414 oum
1144 2360 1269 2417 doctrina

86 2447 155 2500 mihi
184 2444 310 2516 quaestio
338 2445 404 2498 est.’'
434 2444 505 2499 Adv.
524 2445 634 2500 Valent.
654 2463 676 2500 c.
697 2449 726 2500 9:
749 2447 874 2511 ,Viderit
891 2448 1060 2513 soloeoimus,
1079 2450 1177 2520 sophia
1195 2453 1267 2506 enim

85 2553 187 2590 nomen
207 2533 275 2588 est.'’
294 2532 334 2588 De
361 2533 440 2604 Virg.
458 2533 519 2599 Vel,
540 2535 571 2588 7:
593 2535 726 2599 ,Proinde
743 2536 840 2589 viderit
857 2537 998 2590 saeculum
1016 2539 1155 2592 aemulum
1174 2538 1226 2609 dei,
1245 2542 1268 2593 si

83 2623 159 2693 sqq.”
188 2623 236 2678 De
263 2621 334 2676 Test.
362 2622 416 2676 An.
439 2623 468 2676 1:
490 2621 641 2688 ,Vi'deriei
661 2624 684 2676 si
702 2625 750 2694 qui
768 2624 802 2678 de
820 2625 902 2679 unico
920 2630 948 2679 et
966 2625 1023 2680 solo
1041 2627 1093 2682 deo
1109 2630 1267 2698 pronuntia-

84 2711 210 2766 venmt.’'
241 2710 285 2764 De
310 2711 419 2776 Anima,
439 2729 461 2765 o.
484 2712 528 2766 10:
550 2712 696 2782 „Viderint
714 2712 872 2783 disciplinae
890 2720 918 2768 et
936 2720 1015 2780 arteS,
1034 2716 1150 2771 arimini
1167 2724 1195 2772 et
1212 2719 1266 2772 effi-

80 2801 164 2869 giee.'’
185 2799 235 2854 Ad
255 2799 335 2870 Scap.
354 2817 377 2854 c.
395 2801 425 2854 4:
448 2800 593 2866 ,Viderint
611 2801 658 2870 qui
677 2807 779 2855 sectam
797 2803 993 2858 mentiuntur.’'
