2788 4500
7 299 18 354 t

7 1709 9 1740 l

618 204 660 265 33

50 399 210 476 obscurat,
246 407 283 462 ut
315 420 409 462 nemo
443 398 607 481 recogitet,
635 417 677 460 ne
700 399 837 482 primum
860 396 938 460 illud
960 400 998 461 ¹os
1024 396 1230 470 mendacium

51 508 257 571 seminaverit
291 527 376 590 sqq.;
408 501 458 569 15'
474 501 541 585 (86)
566 505 685 581 nescio,
709 525 751 567 ne
774 504 845 589 plus
869 502 910 567 de
934 504 1026 568 vobis
1050 504 1102 568 dei
1126 508 1226 570 vestri

51 637 146 697 quam
170 612 210 676 de
234 611 424 676 Christianis
449 618 629 695 querantur.
652 607 799 694 [,neseio
823 610 954 695 plusne”
983 608 1047 691 cd.)
1072 612 1114 674 24
1133 609 1223 692 (153)

49 719 173 786 Videte
207 721 292 784 enim
326 739 368 782 ne
399 726 432 782 et
462 716 523 781 hoe
547 716 588 780 ad
613 718 861 801 inreligiositatis
886 717 1022 801 elogium
1046 727 1224 795 concurrat,
1285 737 1289 747 ·

48 827 198 892 adimere
213 825 391 890 libertatem
414 825 575 908 religionis
599 832 631 888 et
654 823 843 888 interdicere
859 825 1022 908 optionem
1034 822 1224 901 divinitatio,

49 957 145 1018 sqq.;
170 935 212 996 26
237 928 327 1011 (165)
351 929 474 996 Videte
498 933 603 1015 igitur,
627 952 668 994 roc
692 931 744 994 ille
767 952 865 1014 regna
887 929 1052 1015 dispenset
1073 933 1164 994 euius
1177 942 1226 995 est

49 1049 83 1103 ct
119 1038 204 1103 orbis
240 1040 295 1122 qui
329 1044 479 1121 regnatur
508 1045 540 1100 et
562 1036 657 1100 homo
681 1039 750 1122 ipse
774 1039 829 1121 qui
850 1044 972 1120 regnat,
997 1058 1038 1100 ne
1061 1037 1113 1100 ille
1136 1040 1226 1102 vices

47 1145 304 1209 dominationum
338 1145 416 1230 ipsis
452 1143 649 1228 temporibus
683 1146 718 1207 in
747 1142 874 1208 saeculo
898 1142 1052 1207 ordinarit
1074 1146 1129 1228 qui
1152 1153 1226 1208 ante
1269 1190 1273 1197 ,

47 1274 145 1315 omne
177 1260 302 1337 tempus
326 1250 389 1314 fuit
411 1258 443 1314 et
467 1251 629 1314 saeculum
652 1272 768 1336 corpus
792 1258 971 1335 temporum
993 1250 1084 1328 fecit,
1109 1273 1150 1314 ne
1173 1251 1227 1315 ille

46 1361 200 1423 civitates
236 1336 368 1423 extollit
402 1365 457 1422 ant
491 1357 650 1442 deprimat
685 1357 744 1420 sub
774 1378 841 1441 ¹quo
864 1355 927 1420 fuit
950 1359 1018 1421 sine
1042 1358 1226 1422 civitatibus

44 1465 223 1549 aliquando
268 1487 369 1548 genus
411 1447 585 1528 hominum.
633 1467 701 1539 (nee
739 1463 792 1526 ille
826 1465 974 1526 civitates
1010 1464 1141 1528 extollat
1172 1475 1228 1529 aut
1307 1451 1312 1456 ¹

43 1573 209 1658 deprimat
242 1572 282 1636 Ε.
317 1565 456 1653 Ε111111.)
490 1572 532 1634 35
557 1565 800 1654 (184).)11111111
826 1578 932 1635 tamen
959 1573 993 1633 in
1016 1571 1075 1634 hae
1100 1595 1226 1656 quoque

42 1680 204 1763 religione
239 1677 398 1743 secundae
433 1679 617 1756 maiestatis
644 1712 684 1720 -
715 1677 810 1742 fidem
841 1685 873 1740 et
895 1679 1064 1742 veritatem
1087 1688 1227 1742 vestram

45 1787 282 1861 demonstrare,
306 1807 347 1849 ae
370 1784 453 1848 forte
478 1794 510 1848 et
532 1784 626 1848 isthic
655 1783 827 1848 deteriores
845 1782 1035 1847 Christianis
1052 1783 1239 1869 deprehen,

47 1893 171 1968 dantur¹
194 1895 249 1976 qni
273 1913 331 1956 nos
355 1892 468 1955 nolunt
490 1891 652 1972 Romanos
676 1891 786 1954 haberi
803 1889 861 1954 sed
875 1898 912 1953 ut
924 1891 1033 1986 hostes
1046 1893 1226 1977 principmn
1327 1912 1336 1920 ·

45 2000 280 2062 Romanorum.
316 1998 358 2061 48
394 1993 488 2080 (250)
524 2005 707 2082 propterea·
725 2018 911 2081 persuasum
942 1998 1013 2081 quis
1036 1996 1161 2076 habeat,
1187 2020 1229 2062 ne

44 2107 137 2169 forte
162 2104 376 2169 bubulam'de
399 2104 505 2188 aliquo
529 2095 649 2189 proavo
673 2125 731 2167 suo
755 2103 913 2167 obsonet?

98 2213 141 2276 Se·
173 2234 231 2298 pro
261 2234 312 2289 ae,
336 2211 390 2276 ubi
414 2211 544 2275 inchoat
566 2199 854 2293 interropotionem
877 2211 1069 2276 indirectum
1090 2207 1110 2288 ²,
1135 2211 1229 2298 iepr-

45 2322 149 2386 ritur:
182 2320 201 2381 6
227 2316 295 2400 (33)
319 2318 414 2383 Nunc
438 2318 667 2401 religiosissimi
690 2316 795 2401 legum
819 2325 851 2380 et
873 2299 1077 2402 paterndrum
1100 2321 1229 2382 institu-

44 2437 158 2506 torum
180 2432 378 2510 protectores
402 2431 434 2488 et
457 2424 595 2488 cultores
618 2423 834 2509 respondeant
856 2424 953 2487 velim
976 2423 1016 2487 de
1040 2447 1098 2488 sua
1119 2425 1180 2490 fide
1197 2433 1230 2489 et

45 2533 174 2595 honore
198 2539 230 2596 et
254 2531 408 2616 obsequio
430 2553 507 2615 erga
529 2533 683 2595 maiormn
706 2531 862 2608 consulta,
884 2531 916 2592 si
938 2553 958 2594 a
978 2531 1065 2596 nullo
1081 2531 1229 2597 descive-

45 2647 138 2716 mmt,
162 2639 194 2701 si
215 2641 249 2701 in
273 2639 360 2703 nullo
383 2633 651 2716 exorbitaverunt,
676 2639 707 2700 si
729 2659 793 2701 non
816 2639 997 2702 necessaria
1017 2646 1049 2702 et
1065 2641 1231 2724 aptissima

43 2767 200 2830 quaeque
234 2727 423 2829 disciplinae
458 2744 732 2809 oblitteraverunt.
757 2745 776 2806 8
802 2739 870 2824 (44)
895 2742 999 2828 Cupio
1022 2745 1228 2830 respondeas,

41 2855 78 2916 si
115 2854 198 2915 tanti
233 2853 413 2928 edomitae,
449 2859 504 2914 aut
538 2853 565 2913 si
600 2873 674 2927 non,
708 2837 781 2914 ideo
814 2871 874 2913 nec
898 2849 1066 2915 credenda.
1095 2853 1134 2914 13
1160 2850 1228 2933 (72)

40 2961 289 3042 Recognoscite
323 2959 354 3021 si
385 2959 531 3022 mentior.
565 2958 606 3020 25
640 2953 730 3038 (159)
755 2953 887 3022 Viderit
910 2956 1041 3041 Cybele,
1065 2960 1097 3022 si
1119 2959 1228 3024 urbem

40 3067 232 3128 Romanam
255 3073 289 3128 ut
312 3065 496 3128 memoriam
518 3063 648 3127 Troiani
671 3066 797 3147 generis
814 3063 984 3141 adamavit,
1001 3066 1163 3136 vernaculi
1180 3068 1241 3153 sui·

41 3171 188 3236 seilicet.
201 3170 356 3235 adversus
379 3170 579 3234 Achivorum
602 3193 690 3234 arma
712 3172 858 3255 protecti,
882 3172 913 3233 si
935 3169 977 3234 ad
1000 3172 1118 3236 ultores
1142 3181 1229 3236 tran-

7 3271 9 3280 ’
41 3282 114 3342 sire
152 3280 327 3363 prospexit,
360 3299 440 3361 quos
471 3276 594 3340 sciebat
617 3275 787 3341 Graeciam
808 3276 967 3361 Phrygiae
991 3276 1230 3342 debellatricem

7 4095 25 4176 l

41 3387 253 3450 subacturos.
271 3386 313 3447 29
328 3380 419 3466 (171)
432 3383 568 3448 Constet
579 3385 675 3468 igitur
687 3385 784 3469 priuS,
797 3385 829 3447 εἰ
841 3386 894 3448 isti
907 3384 1022 3468 quibus
1036 3385 1232 3448 sacrificatur

41 3495 191 3557 salutem
200 3493 383 3576 imperatori
398 3491 451 3554 vel
466 3489 597 3554 cuilibet
607 3468 727 3553 ho'mini
740 3493 901 3575 impertire
914 3498 1065 3575 possunt;
1081 3491 1120 3553 21
1135 3487 1229 3574 (133)

40 3599 210 3677 Quaerite
238 3617 313 3680 ergo
336 3597 367 3659 si
389 3617 466 3660 vera
489 3598 531 3658 sit
553 3597 615 3659 ista
638 3594 790 3660 divinitas
814 3596 946 3660 Christi.
973 3630 1014 3639 -
1152 3589 1154 3593 ’

94 3705 142 3769 Sa·
165 3725 224 3789 pro
247 3724 288 3766 ne
311 3713 387 3766 etna
413 3703 544 3766 inchoat
567 3703 856 3786 t'nterropotionem
868 3703 1021 3767 directam
1041 3701 1070 3766 ²:
1083 3691 1125 3768 23
1138 3702 1229 3786 (148)

39 3814 177 3878 Dicent
200 3808 336 3873 ibidem:
359 3807 405 3871 Et
427 3810 498 3892 quis
522 3808 574 3872 ille
599 3807 745 3872 Christus
769 3831 842 3873 cum
866 3831 924 3873 sua
944 3809 1076 3874 fabula?
1092 3812 1125 3873 'si
1136 3811 1230 3874 homo

85 3952 94 3978 ¹
117 3949 232 4003 Revoca
251 3948 287 4001 It.
305 3964 333 4001 u.
352 3947 387 4001 V.
407 3964 433 4016 p.
451 3945 513 3999 403.
532 3947 597 4010 404;
616 3946 724 4000 Kellrwr
741 3945 812 4016 Sprl.
832 3947 892 4017 Εἰς.
911 3948 941 4000 Τ.

84 4040 96 4067 ⁹
118 4037 232 4092 Ronecb
251 4037 287 4090 It.
306 4053 333 4089 u.
353 4036 388 4090 V.
407 4035 469 4090 404.
486 4036 548 4090 405.
1077 4114 1096 4174 3
