2808 4492
691 177 753 240 124

134 369 321 454 gloriabitur
340 378 484 456 potestas
508 393 625 448 earum,
650 392 713 453 quo
737 367 795 451 (sc.
819 351 1052 454 magisl'etiam
1067 369 1207 444 auditam
1220 368 1298 432 dam-

136 475 258 540 nabunt
272 479 462 542 veritatem?
479 477 518 540 21
535 473 625 558 (115)
639 475 704 541 Sed
716 479 866 561 quoniam
878 478 1105 561 antiquissimis
1117 475 1299 539 Iudaeorum

136 586 352 650 instrumentis
377 592 497 648 sectam
520 585 614 647 istam
637 605 708 647 esse
733 581 895 646 suffultam
914 583 1192 666 quamatiquonto
1207 581 1299 663 irrepis

135 691 303 772 novellam,
339 700 375 753 nt
408 688 571 755 Tiberiani
594 692 756 775 temporis,
781 690 924 774 plerique
948 691 1061 767 sciunt,
1087 687 1299 773 profitentibus

135 795 227 860 nobis
240 819 383 881 quoque:
401 819 470 881 sqq.
485 796 559 872 (Pro
577 795 792 879 „aliquando”
808 799 841 860 in
854 795 927 860 edd.
939 795 1041 860 Rhen.
1054 794 1181 879 Gangn.
1196 794 1299 859 Gelen.

136 903 225 966 Bam.
251 911 339 967 extat
365 903 593 987 „aliquando”,
617 911 653 967 ut
676 905 770 967 etiam
795 906 828 966 in
851 901 956 981 rard..
979 905 1013 965 in
1037 923 1100 987 quo
1117 909 1203 966 totus
1220 901 1300 965 locus

135 1011 180 1073 ita
213 1009 342 1094 legitur:
386 1031 505 1093 „quom
538 1011 639 1074 scient
672 1011 850 1093 aliquando
878 1011 1039 1074 novellum
1062 1015 1101 1072 ret
1127 1009 1300 1072 [tiberianis

136 1116 334 1199 temporibus
357 1122 463 1180 ortam
485 1115 806 1200 praepositatu

181 1223 320 1307 Ettipsis
339 1225 524 1307 particulae
554 1221 726 1301 „utrum”
753 1229 903 1306 sequente
924 1221 1020 1300 „aab
1033 1224 1052 1286 9
1067 1219 1135 1303 (49)
1148 1221 1212 1286 Sed
1228 1243 1300 1306 quo·

136 1331 220 1394 niam
253 1329 293 1394 de
327 1330 528 1394 infanticidio
563 1329 642 1393 nihil
676 1332 808 1394 interest
836 1350 928 1393 sacro
963 1349 1009 1392 00
1032 1329 1171 1393 arbitrio
1194 1348 1300 1413 perpe·

134 1444 235 1500 tretur
258 1439 357 1521 sqq.l

134 1689 212 1744 Kotb.
239 1690 325 1744 Rome
352 1689 475 1744 Juristen
503 1706 547 1758 pg.
578 1689 643 1752 1273
677 1686 811 1756 thtfftirq
839 1685 1040 1755 Komparation
1068 1703 1095 1754 p.
1125 1685 1171 1749 68;
1197 1684 1300 1737 Ktitme'r

136 1779 176 1832 11.
205 1778 266 1848 972,
287 1779 321 1832 Α.
341 1779 381 1842 6.;
402 1775 690 1845 Scimota-Lundpraf,
711 1775 817 1845 Reisigs
836 1775 942 1829 Vorles.
962 1774 1017 1827 111.
1039 1773 1090 1827 172
1109 1773 1192 1828 Anm.
1211 1773 1252 1828 Of.
1269 1771 1299 1824 ad

136 1868 202 1922 Nat.
231 1868 254 1935 1.
281 1867 375 1936 4(280)
403 1867 460 1920 Alii
486 1883 554 1936 quos
582 1870 654 1920 retro
681 1869 745 1918 ante
771 1865 823 1919 hoc
848 1880 947 1918 nomen
966 1880 1058 1932 vagos,
1077 1863 1151 1928 viles,
1171 1862 1300 1932 improbos

136 1961 243 2022 norant,
274 1956 432 2010 emendatos
462 1960 572 2024 repente
602 1954 738 2007 mirantur
768 1959 795 2007 01
825 1959 917 2006 tamen
948 1951 1053 2006 mirari
1085 1969 1168 2020 quam
1202 1950 1302 2020 assequi

134 2051 244 2101 norunt.
271 2045 294 2100 I.
324 2045 416 2114 71286)
444 2045 549 2109 &tento
576 2043 649 2097 enirn
673 2043 758 2111 proni
784 2041 819 2096 ad
844 2042 973 2096 militiam
991 2047 1069 2096 tanto
1087 2035 1124 2094 ad
1141 2041 1208 2094 mali
1226 2040 1300 2094 fidem

133 2135 282 2205 opportuni
307 2135 371 2188 estis
399 2134 514 2188 facilius.
543 2133 567 2186 I.
594 2132 685 2201 8(293)
713 2149 768 2202 quo
794 2131 877 2184 fidem
904 2136 1022 2185 vestram
1040 2130 1207 2184 raritatibus
1226 2146 1300 2198 quom

134 2224 291 2278 veritatibus
318 2223 440 2278 deditam
467 2222 652 2276 demonstrare
679 2221 818 2290 gestimus.
846 2220 870 2274 I.
900 2219 1008 2288 12(312)
1040 2225 1190 2288 quantoque
1223 2233 1301 2289 genus

133 2319 259 2367 censetur
285 2313 396 2382 origine,
424 2316 497 2366 tanto
516 2312 592 2380 origo
611 2310 771 2365 convenitur
789 2310 818 2362 in
836 2326 940 2379 genere.
960 2309 999 2362 II.
1019 2307 1111 2376 91304)
1130 2308 1204 2378 quod
1222 2307 1301 2362 telum

134 2407 270 2472 quantum
297 2401 416 2472 vulgare,
445 2406 527 2470 atque
555 2401 692 2463 caninum,
721 2389 795 2452 terito
816 2398 932 2466 iprwbite
950 2397 1061 2451 vulnus!
1081 2397 1120 2450 II.
1143 2396 1250 2466 121377)
1267 2395 1300 2448 At

135 2496 234 2559 quanto
262 2490 361 2544 diffusa
388 2507 429 2544 res
457 2495 497 2543 est
524 2494 597 2543 tanto
625 2488 836 2558 substringenda
854 2487 932 2542 nobis
951 2487 1010 2541 erit.
1030 2487 1072 2540 Of.
1091 2487 1126 2540 de
1144 2492 1205 2540 test.
1225 2485 1297 2540 anl

135 2578 179 2644 (O.
208 2579 231 2632 I.
260 2596 285 2648 p.
313 2578 377 2647 401)
409 2579 489 2632 Toeto
517 2578 601 2642 abest,
621 2582 653 2631 ut
670 2577 769 2632 nostris
787 2577 885 2631 litteris
904 2582 1027 2630 annuant
1045 2575 1170 2629 homines
1188 2593 1245 2645 sqq.
1264 2573 1302 2626 De

135 2667 215 2737 Fuga
242 2668 270 2720 in
297 2668 401 2721 Persec.
428 2668 459 2720 2:
478 2666 564 2721 Vides
583 2667 638 2720 iam
656 2672 684 2720 et
702 2684 719 2720 a
736 2667 819 2720 servis
838 2653 882 2720 dei
900 2665 1008 2719 facilius
1026 2663 1169 2718 diabolum
1188 2664 1301 2732 accipere

134 2760 312 2826 potestatem
331 2761 404 2809 tanto
422 2756 501 2820 abest,
520 2761 552 2808 ut
570 2772 631 2808 earn
649 2773 684 2808 ex
702 2755 866 2824 proprietate
884 2753 1029 2824 possideat.
1049 2754 1093 2806 De
1112 2749 1300 2822 Bapt.2(0.l.

134 2863 160 2915 p.
190 2845 252 2912 620)
275 2844 367 2910 „Nihil
390 2844 458 2899 adeo
476 2849 517 2898 est
535 2843 608 2914 quod
627 2843 743 2898 obduret
761 2849 864 2897 mentes
883 2843 1027 2896 hominum
1045 2859 1129 2910 quom
1147 2841 1300 2911 simplicitas

134 2934 289 2988 divinorum
314 2935 451 3004 operum.”
480 2933 623 2988 Eiusmodi
650 2932 757 3002 ellipsin
783 2932 868 2987 habes
895 2931 988 3001 paullo
1016 2931 1088 2984 infra
1107 2932 1135 2984 in
1153 2930 1242 2984 verbis
1263 2945 1301 2993 „eo

131 3023 306 3078 incredibilis·
318 3023 488 3078 existimetur
506 3022 660 3077 consecutio
678 3021 874 3076 aeternitatis.”
893 3016 1302 3090 01ζ110101ϊ.0110113210.111

132 3131 159 3183 p.
179 3113 239 3178 507)
258 3113 295 3166 Et
313 3113 408 3183 utique
426 3111 517 3166 triduo
535 3110 743 3181 concoquendae
761 3111 836 3164 carni
854 3110 957 3164 viscera
975 3109 1027 3162 ceti
1045 3107 1212 3162 suffecissent
1224 3123 1300 3175 quam

134 3201 271 3272 capulmn‚
290 3219 374 3272 quam
392 3201 575 3271 sepulchrum,
595 3217 679 3270 quarn
701 3200 807 3253 senium
827 3199 963 3269 requietae
982 3204 1064 3268 atque
1082 3197 1237 3252 reconditae
1258 3195 1301 3248 ali-

132 3291 210 3344 cuius
238 3291 401 3360 sepulturae.
421 3289 491 3344 Adv.
512 3289 644 3358 Hermog.
667 3289 700 3341 14
719 3279 763 3356 (O.
783 3288 821 3343 11.
841 3305 868 3357 p.
888 3287 951 3356 351)
971 3287 1167 3356 Quaecumque
1186 3289 1301 3355 potestas

133 3379 157 3432 ei
185 3397 267 3447 quam
294 3379 429 3449 pusillitas
457 3379 595 3448 competit.
622 3377 694 3432 Ibid.
722 3377 756 3430 24
776 3377 819 3444 (Ο.
838 3377 877 3430 11.
897 3393 924 3446 p.
943 3375 1006 3441 360)
1028 3380 1142 3443 „quanto
1160 3391 1216 3428 non
1235 3388 1301 3427 eom-

133 3473 209 3537 paret
228 3469 271 3521 cui
290 3467 485 3533 adscribatur‚”
505 3468 555 3521 etsi
574 3467 652 3522 Oehl.
671 3467 825 3536 suspicatur
843 3464 989 3536 legendum
1010 3463 1157 3532 „meando”
1178 3462 1233 3519 sed
1252 3461 1301 3514 alia

132 3557 213 3609 huius
232 3557 333 3625 ellipsis
351 3555 483 3626 exempla,
503 3573 573 3626 quae
591 3555 740 3608 innumeris
759 3555 824 3610 locis
843 3572 879 3624 ap
896 3554 968 3608 Tert.
988 3554 1128 3624 reperitur,
1145 3552 1300 3606 omittimus.

132 3645 205 3699 Vide
232 3645 316 3699 etiam
344 3644 368 3697 A
397 3645 493 3699 Sciott.
526 3644 680 3699 Observata
711 3644 798 3698 Hum.
827 3645 862 3708 V.
879 3643 938 3706 ’24;
966 3643 1104 3696 Murzeker.
1123 3640 1158 3695 ad
1177 3641 1300 3710 Fulgent.

132 3733 247 3802 mythol.
266 3733 305 3786 II.
326 3734 350 3786 7.
369 3750 395 3802 p.
415 3733 475 3786 676.

171 3829 180 3854 ¹
202 3830 318 3897 Ettipeis
345 3842 594 3890 nnuonsrasrwr
624 3844 812 3885 rnouonssrus
830 3847 885 3884 non
904 3814 1060 3899 infrequens
1078 3827 1246 3882 Tertulliano
1264 3829 1301 3879 011

132 3917 176 3968 Ex
202 3916 278 3969 libris
305 3916 367 3970 adv.
397 3917 483 3971 Marc.
501 3918 634 3972 nonnulla
652 3918 777 3988 exempla
797 3918 924 3973 dabimus
942 3918 1024 3971 huius
1043 3917 1167 3988 ellipseos
1185 3915 1300 3987 generis:

134 4003 185 4056 IV.
213 4002 247 4056 39
276 4003 320 4068 (0.
349 4005 388 4059 II.
406 4023 443 4074 .p.
472 4005 534 4070 262)
562 4005 637 4061 Olim
664 4009 786 4062 constitit
816 4007 850 4062 de
868 4008 1011 4062 nominum
1030 4007 1195 4076 proprietate
1213 4002 1301 4060 deberi
