2788 4500
708 195 750 259 56

140 386 270 472 sophuS,
305 387 526 473 providentiae
561 387 691 466 vindex,
726 389 764 452 de
798 390 974 452 sententiae
998 390 1220 453 communione
1244 410 1314 452 sns-

140 494 238 578 pexit.
276 495 316 558 19
353 491 444 576 (106)
480 495 560 560 adeo
594 496 710 582 respici
745 503 862 580 potest,
898 503 962 559 tam
997 497 1066 560 iura
1089 503 1198 568 vestra
1220 517 1316 580 quam
1367 551 1368 568 2

139 598 245 664 studia
267 601 305 664 de
328 600 397 684 lege
420 603 521 686 deque
544 601 655 666 divina
678 600 824 666 doctrina
847 603 1044 687 concepisse.
1071 603 1111 666 19
1136 599 1228 684 (107)
1242 611 1313 666 sunt

140 713 264 771 vestrae
289 705 429 791 Sibyllae
453 727 567 773 nomen
592 709 629 772 de
652 709 787 773 veritate
810 708 972 785 mentitae,
997 707 1269 792 quemadmodum
1284 715 1313 770 et

139 811 191 876 dei
214 815 323 877 vestri.
353 813 391 878 19
416 810 508 896 (106)
532 814 582 878 De
605 814 719 900 sophia
742 835 830 878 amor
853 815 920 878 eius
936 814 1139 900 philosophia
1153 816 1312 878 vocitatis

140 925 199 995 est,
222 920 260 982 de
282 919 450 1005 prophetia
472 919 634 986 affectatio
657 922 725 985 eina
749 921 911 1006 poeticam
933 922 1193 985 vaticinationem
1216 919 1313 1006 depu-

139 1027 230 1090 tavit.
270 1027 309 1090 19
346 1024 437 1109 (107)
466 1027 580 1091 Multis
604 1027 708 1092 adhuc
732 1027 773 1092 de
796 1034 956 1091 vetustate
979 1023 1082 1092 modis
1105 1029 1313 1092 consisterem

140 1131 319 1197 divinarum
341 1134 528 1213 litterarum,
553 1136 578 1198 si
603 1156 666 1199 non
690 1136 791 1199 maior
813 1135 985 1198 auotoritas
1009 1134 1071 1197 illis
1091 1133 1136 1198 'ad
1158 1133 1257 1198 fidem
1277 1135 1314 1196 de

138 1241 282 1303 veritatis
306 1262 381 1305 suae
405 1240 526 1305 viribus
551 1264 646 1325 quam
668 1242 706 1305 de
728 1243 842 1306 aetatis
864 1240 1030 1305 annalibus
1053 1242 1261 1326 suppetisset.
1272 1242 1312 1304 21

139 1342 230 1426 (120)
265 1369 328 1412 non
362 1349 400 1412 de
423 1349 539 1412 sororis
563 1350 686 1413 incesto
709 1370 769 1413 neo
791 1349 829 1412 de
852 1356 962 1433 stupro
984 1347 1066 1412 filiae
1089 1355 1145 1412 aut
1167 1349 1312 1432 coniugis

138 1451 259 1516 alienae
294 1452 390 1518 deum
424 1462 547 1540 patrem
576 1477 689 1541 passus
713 1463 772 1519 est.
797 1456 838 1518 21
864 1451 954 1536 (121)
979 1453 1130 1519 Ceterum
1153 1453 1207 1519 dei
1231 1455 1314 1519 filius

138 1559 256 1622 nnllam
290 1562 327 1624 de
360 1560 559 1646 impudicitia
592 1561 689 1626 habet
714 1570 858 1626 matrem.
883 1562 924 1624 21
950 1557 1041 1641 (123)
1064 1559 1116 1624 111
1139 1561 1176 1624 de
1190 1543 1315 1646 ‘spiritu

140 1667 270 1750 spiritus
294 1676 326 1730 et
348 1669 386 1731 de
408 1666 469 1732 deo
491 1667 571 1732 deus
595 1676 631 1731 ut
652 1668 759 1732 lumen
781 1669 819 1732 de
841 1667 959 1732 lumine
972 1688 1152 1732 accensum.
1166 1668 1207 1730 21
1223 1663 1314 1748 (125)

146 1771 252 1848 Quem
275 1774 371 1857 igitur
394 1773 592 1839 solummodo
615 1775 776 1839 hominem
791 1776 1068 1860 praesumpserant
1079 1775 1116 1837 de
1127 1773 1317 1852 humilitate,

141 1877 335 1962 sequebatur
358 1881 404 1942 uti
426 1902 554 1965 magum
577 1883 782 1945 aestimarent
803 1882 841 1944 de
863 1888 1031 1966 potestate.
1056 1881 1098 1942 22
1123 1876 1213 1960 (135)
1232 1879 1317 1944 Nam

141 1992 174 2048 et
203 1982 353 2064 Satanan,
385 1989 562 2073 prinoipem
595 1988 689 2052 huius
712 1989 787 2052 mali
809 1989 945 2072 generis,
969 1984 1102 2072 proinde
1125 1987 1163 2050 de
1186 1989 1319 2071 propria

140 2093 337 2156 conscientia
368 2095 491 2158 animae
526 2094 638 2159 eadem
672 2095 901 2158 exsecramenti
936 2114 1017 2157 vooe
1049 2094 1246 2177 pronuntiat.
1275 2094 1318 2155 23

141 2194 232 2277 (149)
264 2197 388 2282 Atquin
411 2202 513 2264 omnis
536 2200 615 2265 haec
639 2209 748 2267 nostra
770 2203 803 2264 111
826 2199 896 2263 illos
920 2198 1093 2263 dominatio
1117 2206 1151 2263 et
1173 2206 1318 2283 potestas

140 2305 178 2367 de
201 2307 415 2370 nominatione
439 2305 559 2370 Christi
582 2307 668 2371 valet
690 2316 723 2371 et
744 2309 782 2371 de
798 2307 1096 2371 commemoratione
1112 2326 1319 2389 eorumquae

138 2409 202 2473 sibi
236 2432 256 2473 a
289 2409 350 2475 deo
385 2435 442 2497 per
468 2412 620 2477 arbitrum
644 2412 807 2478 Christum
829 2413 1026 2476 imminentia
1049 2419 1250 2496 exspectant.
1277 2413 1319 2475 23

141 2513 231 2597 (150)
266 2516 319 2582 Ita
352 2521 389 2583 de
423 2527 573 2584 contactu
589 2522 700 2604 'deque
724 2519 835 2584 afflatu
857 2527 966 2583 nostro
989 2517 1262 2602 contemplatione
1286 2527 1317 2581 et

139 2626 429 2708 repraesentatione
453 2627 534 2710 ignis
558 2626 642 2690 illius
665 2627 813 2711 correpti.
839 2625 881 2688 24
906 2621 996 2705 (152)
1009 2623 1123 2688 Nonne
1137 2623 1317 2687 conceditis

140 2731 178 2793 de
212 2732 433 2796 aestimatione
467 2735 628 2798 communi
660 2733 799 2818 aliquem
833 2754 903 2796 esse
938 2730 1154 2795 sublimiorem
1176 2751 1251 2814 sqq.
1278 2732 1318 2794 25

142 2833 232 2917 (163)
256 2837 381 2921 Atquin
404 2838 564 2923 quomodo
588 2839 628 2903 ob
651 2840 837 2924 religionem
859 2839 975 2922 magni,
1000 2836 1116 2921 quibus
1129 2835 1318 2919 magnitudo
1363 2887 1364 2912 p

140 2943 178 3006 de
201 2942 440 3027 inreligiositate
463 2948 636 3031 provenit?
660 2948 701 3011 25
727 2943 817 3027 (163)
835 2945 921 3009 nulla
933 2943 1094 3029 Capitolia
1105 2941 1319 3007 certantiaad

141 3048 275 3128 caelum,
310 3048 368 3114 sed
402 3054 569 3116 temeraria
601 3054 639 3116 de
673 3053 795 3138 cespite
830 3052 949 3115 altaria.
985 3051 1026 3114 29
1063 3045 1153 3130 (171)
1189 3056 1222 3112 11
1251 3057 1318 3113 tota

142 3155 261 3240 templa
294 3157 331 3220 dc
354 3165 433 3220 nutu
456 3156 604 3222 Caesaris
628 3166 786 3223 constant.
812 3158 852 3221 31
879 3153 969 3237 (177)
994 3157 1048 3240 qui
1071 3157 1170 3238 magis
1193 3156 1320 3219 inimici

142 3269 175 3326 et
197 3271 417 3347 persecutores
442 3262 695 3329 Christianorum
718 3287 813 3349 quam
836 3266 873 3329 de
897 3285 1030 3348 quorum
1052 3264 1216 3327 maiestate
1239 3283 1319 3327 con·

142 3370 287 3432 venimur
319 3371 351 3432 111
382 3372 529 3434 crimen?
565 3371 607 3434 35
643 3367 733 3451 (183)
767 3373 822 3455 qui
854 3369 1027 3434 observant
1051 3367 1259 3453 disciplinam
1283 3370 1320 3432 de

142 3474 289 3540 Caesaris
312 3485 469 3561 respectu.
495 3479 537 3542 35
563 3473 653 3558 (183)
677 3477 787 3561 religio
811 3476 969 3542 secundae
993 3476 1177 3551 maiestatis,
1198 3474 1320 3559 deque

141 3583 174 3644 in
209 3581 385 3647 secundum
420 3584 618 3668 saerilegium
653 3584 861 3652 convenimur
884 3582 1067 3647 Christiani.
1092 3580 1133 3644 37
1159 3576 1254 3662 (191)
1279 3605 1320 3646 ne

141 3687 289 3752 11111111)
314 3711 406 3773 pares
431 3691 538 3753 simus
564 3691 606 3754 39
631 3687 722 3771 (208)
746 3690 783 3752 de
800 3689 961 3774 religionis
977 3686 1081 3752 officio
1092 3686 1171 3750 nihil
1182 3686 1319 3752 vilitatis

143 3793 291 3858 admittit.
328 3795 369 3859 39
406 3792 496 3876 (199)
532 3794 656 3881 Corpus
688 3817 796 3859 sumus
820 3797 857 3860 de
880 3794 1076 3859 conscientia
1098 3793 1264 3876 religionis
1288 3803 1319 3857 et

142 3900 330 3986 disciplinae
353 3901 522 3966 divinitate
545 3909 577 3966 et
600 3905 668 3988 spei
692 3901 832 3966 foedere.
858 3903 900 3966 39
925 3897 1015 3982 (203)
1032 3900 1210 3983 quidcuno
1224 3907 1318 3964 utero

143 4009 338 4090 ignorantiae
373 4006 516 4071 eiusdem
550 4008 591 4073 ad
625 4031 719 4073 unam
746 4009 849 4073 lucem
873 4013 1070 4092 expaverunt
1092 4006 1249 4070 veritatis,
1276 4008 1317 4070 39
