2808 4492
677 221 719 282 83

105 416 258 481 adhibuit
280 437 361 500 quae
385 414 616 480 adiectivorum
639 417 710 478 vice
734 413 951 498 fungerentur.
976 414 1063 480 Usus
1087 416 1280 482 estAiricae

105 522 320 608 scriptoribus
354 521 519 586 familiaris
554 529 586 584 et
618 543 637 584 a
672 520 868 584 Tertulliano
898 518 1153 605 frequentissime
1186 531 1281 608 atque

105 629 331 695 efficacissime
366 626 527 691 adhibitus
562 628 691 694 maximi
715 633 765 689 est
787 628 937 688 momenti
960 625 1002 690 ad
1025 627 1108 712 illins
1132 627 1281 692 dictionis

107 735 323 821 ponderosam
351 735 539 817 gravitatem
563 739 594 795 et
618 733 845 795 sententiosum
868 730 1066 797 brevitatem.

155 839 337 906 Videamus
363 836 522 923 quomodo
545 838 759 902 Tertullianus
773 836 927 901 adversus
940 841 1081 924 priorum
1093 843 1281 925 scriptorum

108 945 240 1012 dicendi
275 943 538 1010 consuetudinem
571 947 605 1007 in
639 966 699 1007 usu
737 942 911 1008 verbalium
937 968 1007 1010 voc.
1032 948 1064 1009 in
1089 953 1138 1010 tor
1161 955 1193 1012 et
1217 947 1283 1012 trix

108 1053 327 1118 desinentium
351 1059 496 1115 versatus
520 1053 570 1114 sit.

158 1162 210 1224 1ο.
249 1158 465 1222 Substoutioa
487 1158 631 1221 verbalia
650 1178 713 1240 pro
736 1158 904 1220 adieeticis
928 1165 1099 1241 usurpata.
1124 1159 1166 1223 35
1191 1157 1282 1241 (189)

108 1266 240 1332 Eadem
277 1263 382 1329 officia
416 1263 602 1348 dependunt
637 1270 670 1327 et
703 1265 756 1346 qui
792 1263 968 1346 astrologos
1004 1272 1036 1327 et
1065 1267 1228 1350 aruspices
1252 1274 1284 1330 et

109 1395 250 1458 augures
286 1379 318 1435 et
352 1392 462 1454 magos
494 1369 534 1433 de
559 1368 732 1434 Caesarum
755 1370 860 1453 capite
884 1369 1074 1447 consultant,
1099 1393 1177 1455 quas
1201 1379 1285 1435 artes

111 1479 214 1558 utab
237 1479 362 1562 augelis
384 1477 600 1541 desertoribus
623 1475 765 1561 proditas
789 1484 821 1539 et
844 1499 863 1539 a
884 1475 947 1539 dec
970 1475 1155 1541 interdictas
1168 1500 1207 1541 ne
1220 1479 1286 1542 suis

110 1585 245 1672 quidem
279 1585 385 1650 causis
420 1582 572 1647 adhibent
607 1581 790 1646 Christiani.
815 1583 857 1645 46
883 1578 973 1662 (235)
996 1582 1102 1660 Quam
1125 1584 1287 1648 inlusores

109 1700 141 1757 et
166 1697 372 1774 corruptores
396 1690 526 1753 mimice
544 1689 734 1772 philosophi
756 1686 920 1752 adfectant
943 1691 1109 1754 veritatem
1133 1690 1287 1756 etadieo-

112 1798 216 1864 tando
240 1804 456 1882 corrumpunt,
481 1804 516 1858 ut
539 1797 593 1879 qui
609 1795 748 1879 gloriam
772 1803 911 1879 captant,
936 1794 1108 1860 Christ-iani
1132 1806 1288 1864 etneces·

112 1907 203 1971 sario
237 1911 394 1990 appetunt
417 1884 449 1966 et
471 1905 592 1986 integre
617 1908 788 1986 praestant,
814 1908 849 1964 ut
872 1903 926 1984 qui
950 1902 1042 1965 saluti
1066 1925 1142 1968 suae
1166 1913 1287 1970 curant.

112 2012 172 2077 Cf.
205 2010 247 2075 ad
270 2010 359 2075 Natt.
383 2009 430 2073 H.
458 2010 474 2071 1
501 2005 591 2089 (334)
615 2005 766 2084 Quidni?
790 2011 1020 2091 quemcumque
1044 2009 1122 2086 vult,
1147 2008 1187 2073 de
1211 2011 1289 2095 ipsis

113 2117 315 2183 adversariis
351 2117 456 2179 socios
492 2122 752 2200 protectoresque
787 2111 915 2176 sibimet
948 2116 1081 2178 assumit
1110 2123 1142 2179 ct
1165 2138 1290 2180 omnem

109 2225 201 2290 illam
226 2228 481 2306 repugnatorem
503 2221 748 2284 multitudinem
765 2221 937 2304 prosternit
951 2217 1216 2304 (earpuquatorem
1228 2223 1290 2299 Aa3
1336 2238 1339 2247 ’

108 2337 379 2415 expugnatorum
404 2328 456 2402 bl,
480 2327 521 2391 de
545 2326 801 2411 Praescriptioue
826 2325 1070 2392 Haereticomm
1096 2330 1134 2394 17
1161 2327 1214 2410 (Ο.
1240 2329 1290 2394 ed.

110 2463 158 2504 m.
185 2437 232 2500 H.
258 2459 289 2521 p.
316 2437 368 2509 17)
392 2434 531 2498 Tantum
554 2434 680 2496 veritati
705 2430 862 2516 obstrepit
874 2431 999 2496 adulter
1013 2455 1126 2498 sensus
1138 2444 1291 2521 quantum

109 2555 147 2610 ct
173 2549 346 2626 corruptor
367 2542 425 2606 stit
467 2591 474 2604 .
863 2549 865 2553 “
947 2625 948 2628 ¹
1039 2528 1043 2534 ¹

162 2650 330 2714 Adversus
371 2646 612 2711 Valentinianos
652 2645 693 2708 38
734 2642 787 2724 (Ο.
826 2645 873 2708 Π.
909 2669 940 2731 p.
977 2647 1052 2710 421.
1091 2646 1144 2730 13)
1169 2657 1291 2713 tantum

109 2755 205 2843 quod
238 2753 444 2818 domitricem
478 2758 507 2815 et
541 2751 742 2834 defectricem
776 2751 870 2816 illam
892 2755 1047 2817 uirtutem
1072 2777 1135 2819 non
1158 2757 1228 2819 vult
1251 2757 1291 2822 ab

109 2865 225 2947 aliquo
260 2861 419 2926 deducere
453 2860 600 2922 Aeonum
634 2857 687 2932 (ci.
719 2857 888 2923 Irenaeum
910 2859 938 2937 Ι,
964 2861 994 2938 5,
1019 2862 1057 2925 2:
1081 2859 1245 2914 onocrotalo
1263 2879 1292 2914 τε

110 2967 168 3022 καὶ
188 2963 379 3032 ὑστερήσασαι)
398 2963 528 3030 δύναμιν.
552 2959 561 2985 ¹

164 3060 216 3122 20.
253 3055 448 3141 Saepissime
483 3056 559 3118 baec
592 3053 799 3142 substautiaa
834 3055 987 3133 verbalia,
1023 3058 1056 3120 in
1091 3039 1142 3122 tor
1170 3067 1203 3123 et
1226 3061 1293 3128 triu
1319 3127 1320 3132 ,

110 3165 311 3240 desinentia,
339 3161 587 3246 oppositionum
609 3160 677 3222 uice
699 3160 776 3223 aliis
799 3161 1017 3226 substantivis
1040 3165 1162 3242 addita,
1187 3168 1291 3231 laeum

109 3271 361 3336 ‚sententiarum
398 3267 612 3332 relativorum
652 3265 820 3329 obtiueut:
856 3269 875 3330 9
912 3265 978 3349 (47)
1012 3268 1159 3334 Infantes
1194 3295 1293 3357 penes

111 3378 268 3444 Affioam
291 3374 429 3439 Saturno
453 3371 696 3436 immolabantur
718 3373 822 3457 palam
846 3396 947 3458 usque
971 3375 1011 3439 ad
1036 3379 1293 3460 proconsulatum

110 3483 252 3560 Tiberii,
277 3483 331 3566 qui
355 3479 486 3544 eosdem
509 3477 691 3542 sacerdotes
715 3481 747 3541 in
772 3479 892 3544 eisdem
916 3482 1086 3545 arboribus
1111 3488 1224 3568 terupb'
1239 3490 1295 3551 sui

109 3657 334 3674 ..μ

158 3792 223 3846 ¹cf.
250 3790 334 3844 etiam
361 3788 396 3841 de
427 3785 595 3856 Spectaculis
614 3784 669 3838 ΙΙΙ.
689 3784 732 3851 (0.
752 3785 776 3838 I.
795 3803 821 3854 p.
841 3786 895 3854 23.)
914 3787 985 3840 Cum
1004 3786 1071 3840 deus
1090 3790 1228 3845 Isrielitas
1247 3794 1295 3848 ad-

111 3886 213 3938 monet
240 3878 401 3948 discipliuae
429 3876 470 3929 vel
496 3874 631 3944 obiurgat,
651 3874 746 3943 utique
764 3874 800 3927 ad
819 3892 912 3929 omnes
930 3875 1021 3939 habet,
1040 3893 1105 3931 cum
1124 3881 1251 3951 Aegypto
1270 3889 1297 3937 et

112 3969 284 4039 Aethiopiae
312 3967 429 4020 exitium
456 3963 648 4026 comminatur,
677 3962 771 4030 utique
800 3963 826 4016 in
856 3981 964 4018 omnem
991 3970 1095 4031 protero
1122 3971 1295 4039 peccatricem

113 4043 302 4134 praeiudicat.
321 4056 352 4113 si
370 4055 459 4109 omnis
474 4071 539 4124 peris
555 4052 693 4121 peccatrix
711 4057 752 4105 est
770 4052 913 4122 Aegyptus
930 4059 959 4106 et
976 4052 1124 4124 Aethiopia
1142 4057 1207 4127 Sqq.
1227 4090 1261 4097 -
