2808 4492
142 466 174 522 et
198 459 400 544 despuentes,
424 460 617 525 honorantes
642 468 674 524 et
696 460 907 524 lacessentes!
937 496 977 504 —
1003 460 1092 526 Vide
1116 462 1189 526 Tac.
1211 463 1248 526 A.
1269 465 1295 526 1.
1353 468 1367 536 “a

144 566 185 628 68
208 587 343 630 onerare
367 566 526 631 Seianum.

193 669 414 752 Operari,.1
442 671 487 754 (3)
512 673 698 737 domesticis
722 671 848 735 iudiciis
875 674 970 736 nimis
997 680 1130 757 operata
1146 674 1298 752 infestatio,
1356 707 1367 750 :r

141 799 216 862 sqq.
257 776 294 841 O.
334 779 394 842 40:
433 778 555 842 balneis
592 815 633 822 ·—
668 779 888 861 operantibus
929 779 966 844 O.
1003 769 1070 844 47:
1108 781 1299 864 operantibus

147 884 389 948 aemulationem
428 887 522 948 istam
561 883 725 969 spiritibus
773 886 897 948 erroris
948 885 1086 969 Operari
1133 909 1182 972 ap.
1222 887 1297 950 Tert.
1357 897 1367 964 lt

143 987 208 1069 (ex.
232 1013 278 1074 gr.
304 990 386 1055 Idol.
413 987 470 1074 23)
496 991 758 1075 significationem
791 1013 917 1076 quoque
945 991 1042 1056 habet
1076 993 1151 1055 bene
1173 993 1300 1076 faciendi
1366 1036 1367 1066 .

147 1097 258 1176 alicui,
285 1098 441 1179 beneficia
463 1097 653 1180 conferendi
667 1098 705 1160 in
721 1098 873 1180 aliquem.
887 1098 1036 1162 Rdnsch:
1053 1098 1080 1162 Ι.
1092 1121 1122 1162 u.
1135 1097 1180 1164 V.
1193 1123 1220 1184 p.
1234 1101 1297 1163 387.

190 1200 441 1283 Oppandere,
468 1206 507 1282 18
533 1200 602 1284 (89)
627 1211 659 1266 et
682 1212 874 1288 conspectus
899 1211 1075 1267 ceterorum
1089 1204 1159 1267 velo
1172 1226 1301 1288 oppanso
1353 1217 1361 1253 1

143 1310 402 1375 interdicebatur.
439 1310 492 1375 Cf.
529 1334 557 1375 c.
594 1311 654 1374 48:
679 1311 781 1374 aulaei
806 1313 878 1374 vice
903 1331 1060 1393 oppansa.
1088 1309 1248 1374 Invenitur
1271 1310 1299 1374 id
1360 1325 1367 1387 ,1

144 1417 335 1480 vocabulum
369 1417 454 1506 apud
490 1417 581 1482 Grat.
613 1416 733 1502 Oyneg.
759 1418 800 1481 55
830 1415 983 1493 „adflatus
1014 1415 1145 1480 Helices
1169 1419 1302 1500 appende

144 1523 314 1598 serenae”;
349 1523 503 1587 Prudent.
539 1523 649 1608 psych.
686 1525 751 1587 410
778 1523 945 1600 „cornibus
970 1523 1144 1606 oppansis·
1165 1523 1250 1587 Hier.
1272 1527 1309 1587 in,
1354 1567 1367 1612 ,1

144 1628 216 1693 Gal.
243 1628 271 1692 Ι.
296 1629 336 1694 ad
364 1632 391 1707 1,
418 1633 456 1696 11
480 1653 527 1714 sq.
558 1631 683 1708 „velum
705 1651 892 1714 oppansum
913 1629 1011 1693 erat.'’
1364 1670 1367 1707 .

189 1733 341 1815 Optare
372 1762 415 1788 =
448 1737 513 1800 sibi
546 1738 667 1820 etipere,
704 1738 745 1800 46
769 1733 859 1817 (238)
884 1734 1050 1819 Lycurgus
1078 1737 1302 1821 apocarteresin
1355 1795 1358 1824 ι

143 1830 279 1924 optauit.
814 1831 817 1837 ’
1151 1911 1153 1914 ,
1355 1853 1360 1922 ⁸.

189 1945 412 2013 ostendere
445 1974 487 2002 =
517 1950 667 2032 probare,
692 1948 836 2012 absolute
860 1949 1000 2032 positum
1020 1946 1174 2011 habemus
1199 1949 1215 2011 9
1236 1943 1300 2030 (57)
1357 1991 1367 2024 ,;

144 2053 198 2118 Sic
222 2077 280 2140 per
303 2057 410 2118 omnia
432 2057 608 2120 ostendam.

187 2159 357 2226 Pascere
395 2160 518 2226 fldem
552 2163 725 2226 insolenter
759 2161 876 2224 dicitur
913 2163 955 2225 39
981 2158 1070 2242 (203)
1096 2159 1190 2248 Certe
1212 2161 1302 2242 Jidern
1358 2161 1359 2164 ’

143 2271 262 2331 sanctis
288 2269 420 2332 vocibus
447 2270 623 2352 pascimin.
1360 2280 1367 2341 ’ζ

186 2371 278 2437 Pati
315 2372 470 2454 aliquid
492 2400 534 2428 =
561 2375 665 2458 affici,
701 2375 824 2452 babere,
859 2375 983 2451 sortiri,
1008 2375 1153 2457 euperiri
1177 2375 1214 2438 17
1238 2369 1300 2452 (99)

147 2478 286 2554 „anima”
314 2483 481 2544 sanitatem
509 2503 598 2544 suam
606 2481 737 2564 patitur
750 2477 834 2560 (1.1.
847 2480 988 2543 sanitate
1000 2480 1170 2562 aflicitur,⁸
1182 2480 1302 2544 sanita·
1360 2513 1367 2550 η

142 2592 205 2648 tun
228 2607 310 2668 qaae
334 2587 364 2650 ei
386 2593 509 2650 natura
520 2587 661 2670 propria
672 2593 718 2650 est
729 2582 907 2669 recuperat.
922 2581 1071 2669 altino)
1084 2586 1302 2672 deumpatrem

142 2714 206 2755 non
241 2691 281 2756 de
328 2695 443 2756 sororis
485 2695 607 2757 incesto
643 2715 702 2757 nec
737 2692 777 2756 de
814 2701 924 2777 stupro
958 2692 1040 2756 filiae
1075 2700 1131 2756 aut
1170 2691 1304 2774 coniugis
1362 2717 1363 2748 ;

143 2799 263 2862 alienae
293 2819 416 2881 passus
450 2804 496 2862 est
531 2797 574 2879 (h.
611 2821 638 2863 e.
674 2799 798 2876 babuit,
834 2799 971 2862 sortitus
1007 2795 1086 2880 est).
1123 2798 1176 2863 Cf.
1208 2797 1302 2860 Plaut.
1364 2847 1367 2900 q

144 2904 236 2968 Asin.
262 2906 292 2968 2.
315 2907 345 2968 2.
372 2906 432 2969 58:
461 2905 586 2969 fortiter
608 2905 724 2970 malum
748 2907 802 2990 qui
821 2905 965 2988 patitur,
990 2905 1075 2968 idem
1098 2913 1174 2990 post-
1183 2903 1307 2989 patitur
1362 2901 1367 2944 l

145 3010 294 3074 bonum.'’
1361 3022 1367 3164 l

188 3115 437 3181 Patrocinari
472 3116 587 3198 (alicui
619 3120 663 3182 ad
684 3114 826 3200 aliquid)
855 3117 894 3180 18
921 3113 1011 3198 (103)
1037 3119 1158 3200 quibus
1181 3123 1233 3182 aut
1254 3133 1307 3177 ve·
1351 3147 1365 3213 Ἰ

146 3233 248 3288 tustas
283 3233 337 3288 aut
371 3227 537 3290 curiositas
573 3226 678 3310 aliqua
709 3227 752 3289 ad
773 3225 901 3308 farnaria
925 3226 1195 3308 patrocinabatur
1219 3218 1259 3302 (h.
1280 3238 1307 3279 e·
1361 3226 1367 3358 q

145 3332 273 3414 saniant
301 3331 511 3414 procurarit·
541 3331 670 3413 fanianu
693 3329 801 3412 dedit).
827 3329 879 3394 Of.
904 3330 977 3396 Ter.
1003 3330 1122 3394 Phorm
1146 3333 1175 3394 5.
1203 3330 1231 3392 7.
1254 3323 1306 3393 463
1366 3361 1367 3368 .

147 3438 229 3501 Plin.
268 3439 318 3500 14.
355 3439 396 3500 22
433 3434 512 3518 (28),
548 3438 679 3515 Quinot.
716 3440 746 3502 2.
779 3439 809 3502 4.
835 3439 895 3515 233
920 3437 996 3502 Tac.
1022 3437 1131 3502 deor.
1159 3429 1308 3510 10;Dig.

148 3546 178 3607 2.
206 3544 256 3606 11.
281 3545 311 3607 2.
785 3559 787 3565 ’
1093 3551 1098 3561 ’
1364 3550 1366 3578 ¹

192 3650 402 3713 Patrocinari
424 3650 611 3736 simpliciter
626 3658 812 3736 usurpatum
829 3657 878 3714 est
889 3673 947 3736 pro
958 3655 1149 3733 :protepera
1162 3647 1310 3713 adiurare

150 3757 169 3818 a
195 3751 261 3835 (35)
286 3757 372 3819 circa
394 3755 529 3820 feminas
554 3757 681 3841 quidem
706 3759 801 3821 etiam
824 3756 877 3820 illa
900 3758 1060 3820 maiorum.
1076 3745 1309 3820 institutaceci'
1363 3777 1365 3808 1

151 3859 274 3936 derunt,
299 3883 379 3943 quae
402 3861 587 3939 modestiae,
613 3885 693 3944 quae
717 3862 881 3927 sobrietati
899 3863 1209 3946 patrocinabantur.

196 3961 459 4043 Performare‚
494 3969 511 4030 1
537 3964 581 4050 (8)
607 3970 716 4052 quanti
740 3971 824 4033 enim
847 3969 888 4033 ad
910 3968 1028 4032 malum
1048 3950 1315 4052 perscrutantur!
1363 3977 1365 4012 1

155 4062 259 4143 (Fuld.
283 4069 530 4152 reformantur.)
