2788 4500
643 214 694 277 45Δ

77 415 178 470 menta
202 405 456 471 Christianorum
478 407 606 500 botulq's
630 411 726 473 etiarn
750 431 863 474 cruore
879 408 1039 473 distensos
1056 395 1251 488 admovetis
1294 437 1296 440 ·

77 515 241 577 certissimi
265 513 388 607 scilicet
410 512 566 578 inlicitum
589 537 659 579 esse
683 537 782 599 penes
806 515 877 578 illos
889 536 951 598 per
966 514 1052 598 quod
1069 513 1263 580 exorbitare'

76 641 128 682 eos
161 618 268 682 vultis.
305 621 324 682 9
360 615 432 701 (57)
467 618 522 684 Sic
554 641 616 703 per
639 623 745 685 omnia
768 620 944 685 ostendam.
971 622 1011 684 15
1037 617 1110 703 (82)
1134 621 1250 686 Cetera

75 725 222 789 lasciviae
246 727 372 809 ingenia
396 728 491 791 etiarn
513 727 731 812 voluptatibus
756 729 870 792 vestris
882 748 944 810 per
958 726 1091 790 deorum
1107 726 1250 791 dedecus

75 840 251 916 operantur.
303 832 342 894 19
367 827 463 914 (110)
498 831 679 897 advocandi
713 817 890 918 municipes
926 855 1037 896 eorum
1062 855 1131 916 per
1166 855 1246 918 quos

74 941 188 1002 notitia
206 937 444 1002 subministrata
467 946 526 1002 est.
553 939 593 1002 19
617 936 714 1022 (112)
740 937 937 1003 Graecorum
960 931 1056 1003 etiam
1079 941 1245 1005 censuales

73 1042 268 1121 conferendi,
312 1054 348 1107 ut
382 1066 464 1128 quae
499 1043 627 1128 quando
662 1047 726 1108 sint
759 1053 859 1128 gesta,
895 1053 931 1108 ut
965 1049 1249 1110 concatenationes

73 1160 252 1236 temporum
275 1149 466 1236 aperiantur,
476 1172 539 1234 per
551 1173 634 1234 quae
645 1151 774 1215 luceant
785 1152 946 1215 annalium
958 1153 1089 1216 numeri.
1105 1153 1145 1215 21
1160 1150 1251 1232 (122)

67 1280 128 1341 par
162 1279 243 1341 quae
280 1259 386 1320 omnia
420 1256 564 1320 molitum
598 1256 694 1320 deum
718 1257 886 1322 ediximus,
911 1258 952 1320 21
978 1253 1076 1339 (131)
1099 1257 1250 1343 discipuli

71 1365 192 1428 Romae
216 1373 377 1448 postremo
396 1385 458 1446 per·
481 1351 619 1427 Neronis
643 1365 809 1428 saevitiam
826 1365 1012 1448 sanguinem
1032 1363 1248 1428 Christianum

70 1474 315 1535 seminaverunt.
352 1471 394 1533 35
419 1464 511 1550 (182)
547 1468 654 1533 Sicine
689 1456 894 1555 exprimitur'
908 1469 1059 1554 gaudium
1082 1470 1248 1556 publicum
1293 1473 1297 1483 '

66 1600 128 1662 per
149 1577 313 1663 publicum
335 1575 486 1639 dedecus.
503 1577 545 1639 47
564 1573 652 1655 (244)
663 1597 726 1660 per
738 1578 825 1659 quod
836 1579 870 1641 in
882 1579 1037 1640 incertum
1050 1579 1248 1641 miscuerunt

68 1688 166 1748 etiam
200 1682 285 1768 quod
308 1685 498 1747 invenerant
520 1693 641 1746 certum
665 1684 706 1746 47
732 1672 827 1767 (247)
851 1684 959 1766 regula
982 1685 1137 1760 veritatis
1162 1707 1244 1768 quae

68 1794 179 1858 veniat
202 1814 221 1855 a
244 1790 383 1866 Christe,
407 1792 594 1852 transmissa
612 1811 675 1872 per
697 1793 830 1854 comites
854 1789 965 1876 ipsius.
983 1790 1024 1854 50
1039 1785 1135 1873 (261)
1148 1790 1250 1874 Ergo,

67 1899 213 1982 inquitis,
249 1919 306 1960 cur
340 1897 509 1980 querimini
544 1895 629 1980 quod
665 1919 722 1961 vos
757 1880 971 1981 insequamur,
997 1900 1024 1960 si
1047 1899 1114 1982 pat-i
1137 1883 1249 1974 vultis

68 2027 143 2068 curn
169 2003 302 2087 diligere
325 2001 470 2066 debeatis
490 2023 552 2084 per·
574 2023 655 2084 quos
678 2005 823 2088 patimini
847 2002 933 2087 quod
957 2004 1082 2068 vultis?

456 2315 598 2384 ANTE
621 2316 687 2382 ΕΤ
711 2315 875 2383 ΡΟΒΤ.1
915 2371 923 2388 .

114 2487 204 2551 Mira
238 2487 365 2553 dicendi
402 2488 558 2552 brevitate
593 2488 653 2552 hae
677 2491 929 2573 praepositiones
952 2488 994 2552 ad
1017 2498 1142 2577 tempus
1167 2491 1253 2556 indi-

63 2593 211 2659 candum
246 2602 447 2680 usurpantur.
475 2594 678 2679 Quamquam
702 2593 788 2679 apud
812 2594 914 2658 bonae
938 2598 1051 2658 aetatis
1076 2599 1249 2682 scriptores

64 2707 149 2764 (ricta
184 2706 214 2763 et
240 2708 316 2784 post
347 2703 598 2787 praepositiones
634 2703 822 2765 coniunctae
855 2703 1055 2785 reperiuntur
1078 2725 1150 2766 curn
1174 2702 1253 2768 sub-

65 2809 223 2872 stantivis
247 2816 373 2893 tempus
397 2806 611 2898 indicantibus
638 2830 665 2871 e.
682 2830 712 2892 g.
730 2815 904 2892 post‚'ante
920 2817 1064 2886 mortem,
1082 2808 1248 2873 meridiem

66 2923 147 2992 etc,
193 2902 265 2978 eum
307 2922 412 2977 tamen
458 2936 550 2976 usum
584 2912 670 2999 apud
704 2912 933 2977 Tertullianum
968 2916 1252 2979 translatumesse

66 3020 222 3086 videmus
250 3019 291 3084 ad
314 3021 375 3084 alia
398 3042 525 3105 quoque
549 3019 749 3083 substantiva
772 3021 825 3096 ita,
851 3029 887 3082 ut
899 3020 984 3086 solae
997 3024 1250 3108 praepositiones

65 3129 212 3212 tempori
246 3126 386 3191 notando
421 3125 640 3203 adhibeantur,
668 3148 739 3210 quo
773 3125 808 3188 fit
835 3134 870 3189 ut·
893 3149 1120 3212 saepenumero
1144 3137 1253 3193 mente

65 3232 260 3297 addendum
283 3235 326 3297 sit
348 3235 550 3319 participium
574 3233 625 3296 vel
648 3240 715 3296 tota
738 3234 904 3310 sententia,
929 3256 1011 3327 quae
1028 3236 1254 3298 coniunctione

63 3345 255 3422 antequam
278 3338 542 3425 praecedentibus
565 3341 722 3422 iungatur.
748 3339 767 3399 3
791 3339 858 3412 (19)
881 3338 949 3402 Alii
972 3362 1052 3424 quos
1076 3346 1251 3404 retroacte

64 3449 131 3510 leoc
169 3467 289 3508 'cronaca
318 3468 426 3530 vagos,
464 3445 552 3523 viles
578 3443 728 3530 inprobos
752 3455 917 3524 noverant,
942 3468 983 3510 cx
1004 3449 1075 3532 ipso
1098 3446 1252 3511 denotant

65 3550 164 3637 quod
200 3550 345 3625 laudant;
383 3549 418 3642 (ἰ.
454 3576 481 3617 e.
517 3560 687 3636 antequam
721 3551 782 3615 boe
806 3553 935 3618 nomine
951 3550 1249 3637 nominarentur).²

112 3761 120 3786 ¹
142 3761 180 3814 cf.
200 3760 314 3814 Kithaer
331 3761 371 3815 Il.
390 3778 416 3831 p.
436 3761 505 3825 388;
525 3761 550 3813 2.
570 3760 594 3813 3.
614 3760 704 3814 Hand.
723 3760 836 3815 Tursell.
857 3763 879 3816 I.
899 3780 925 3832 p.
945 3763 995 3816 361
1016 3780 1074 3832 sqq.
1093 3769 1120 3817 et
1133 3765 1185 3816 487
1196 3783 1254 3835 sqq.

62 3852 198 3918 Draeper
216 3850 240 3903 I.
259 3867 287 3920 p.
306 3852 366 3904 555.
385 3852 447 3904 556.

109 3937 120 3966 ²
140 3940 179 3993 ef.
201 3938 237 3993 ad
256 3939 322 3994 Nat.
341 3937 364 3992 Ι.
383 3941 414 3993 4:
433 3939 489 3992 Alii
508 3955 577 4009 quos
598 3944 669 3992 retro
679 3943 740 3991 ante
757 3939 806 3991 hoe
824 3957 922 3993 nomen
931 3957 1022 4011 vagos,
1033 3941 1106 4005 viles,
1117 3941 1256 4010 improbos

60 4035 185 4089 norant.
