2788 4500
669 172 826 280 aa¹

144 409 255 492 Apud,
291 408 376 474 idem
415 409 483 474 fere
516 409 697 492 significans
722 408 808 494 quod
831 431 852 472 a
875 410 1069 494 praepositio
1092 407 1178 494 apud
1202 431 1277 474 ver-

98 516 176 579 bum
209 517 385 602 passivum,
417 515 546 580 obviam
568 515 722 582 habemus
746 518 766 580 2
791 513 860 597 (16)
883 517 985 599 Aprul
1008 521 1167 599 tyrannos
1191 517 1277 579 enim

98 630 261 686 tormenta
295 624 392 686 etiam
416 643 473 707 pro
497 643 600 707 poena
623 622 866 699 adhibebantur,
890 623 982 705 opud
1003 642 1059 685 coa
1082 621 1142 685 soli
1164 643 1278 705 quaes·

96 729 180 792 tioni
214 735 418 814 temperatur.
453 729 494 791 41
532 726 623 811 (217)
646 727 720 794 Vos
743 727 1022 814 igitur-inportuni
1044 728 1140 791 rebus
1163 727 1278 791 himra·

96 839 160 915 nis,
197 859 257 902 vos
288 838 335 900 rei
369 835 568 921 publicanam
596 830 879 914 incommodorum,
904 857 962 899 vos
985 835 1140 898 malorum
1164 833 1277 897 inlices

96 964 237 1028 semper,
249 941 422 1029 apudquos
435 941 514 1006 deus
527 945 696 1028 spernitur,
706 951 829 1022 statuae
842 941 1022 1006 adorantur.
1037 942 1079 1005 50
1087 936 1177 1021 (267)
1191 939 1275 1003 Nam

29 1037 36 1098 .'
96 1058 133 1112 et
161 1051 305 1135 proxime
324 1045 397 1112 -ad'
415 1050 561 1114 lenonem
596 1049 777 1115 damnando
812 1048 1027 1114 Christianam
1050 1049 1156 1133 potius
1180 1067 1276 1130 quam
1384 1103 1385 1108 ,

27 1169 28 1174 ’
96 1154 140 1218 ad
165 1155 290 1218 leonem
314 1154 456 1219 confessi
479 1158 556 1219 estis
580 1155 684 1220 labem
707 1156 879 1242 pudicitiae
903 1156 994 1238 opud
1015 1175 1076 1218 uos
1087 1154 1278 1218 atrociorem

96 1263 187 1325 omni
212 1282 315 1346 poena
339 1268 372 1324 et
394 1263 480 1325 omni
503 1271 605 1326 morte
628 1265 778 1348 reputari.
858 1331 883 1340 ,,

513 1645 518 1651 ·
582 1622 759 1690 Partus
782 1622 791 1656 ¹

148 1843 277 1908 Penes·
302 1844 370 1908 lere
416 1864 543 1932 semper
576 1845 661 1910 idem
695 1809 852 1930 significat
885 1844 971 1930 quod
994 1845 1093 1928 opteri,
1117 1845 1280 1909 rarissime

102 1973 143 2038 ea
181 1952 213 2014 vi
250 1949 422 2014 accedente
457 1959 493 2014 ut
527 1950 647 2016 indicet
670 1950 789 2036 aliquid
813 1953 846 2014 in
869 1958 1037 2036 potestate,
1063 1949 1121 2014 sub
1145 1950 1281 2034 imperio

101 2078 178 2122 esse
217 2057 350 2120 alicuius
375 2054 471 2136 (siout
493 2080 520 2122 e.
544 2081 575 2143 g.
601 2060 643 2122 24
667 2056 757 2140 (152)
781 2080 855 2138 nam
879 2059 980 2122 etsie
1004 2057 1146 2160 plerique
1169 2054 1283 2140 dispo·
1320 2091 1323 2096 ·

101 2169 187 2226 nunt
210 2160 419 2243 divinitatem,
444 2172 479 2226 ut
502 2167 668 2250 imperium
692 2186 832 2228 summae
856 2163 1081 2227 dominationis
1101 2181 1280 2245 essepcoes

102 2291 217 2347 unum,
252 2268 357 2334 officia
390 2272 458 2333 eius
483 2292 583 2354 peaes
605 2272 722 2335 multos
747 2271 855 2348 velint,
880 2280 922 2341 ut¹
937 2268 1030 2334 Plato
1052 2267 1169 2333 lovem
1192 2289 1283 2352 urag-

102 2397 184 2440 num
219 2377 252 2438 in
285 2376 375 2440 caelo
403 2379 588 2442 comitatum
612 2380 753 2442 exercitu
777 2376 931 2441 describit
953 2361 1085 2441 deortun
1108 2376 1226 2461 pariter
1249 2380 1281 2436 et

102 2479 323 2563 daemonum.)
792 2471 794 2482 ’

153 2588 226 2651 Hoc
247 2590 487 2673 praepositione
509 2591 601 2674 apzrd
626 2590 697 2654 rar
720 2591 819 2656 etiam
844 2591 931 2654 locta
955 2589 1131 2665 indicatur,
1158 2589 1194 2650 iu
1217 2607 1282 2670 quo

103 2694 238 2776 aliquid
263 2694 317 2776 siu
342 2717 437 2778 quam
461 2694 594 2760 eandem
617 2697 879 2780 significationem
902 2697 992 2779 opud
1015 2695 1282 2780 praepositionem
1306 2773 1309 2780 Ι

105 2803 273 2885 accepisse
297 2803 330 2865 in
353 2804 480 2886 scriptis
503 2801 707 2866 Tertullianis
731 2824 827 2887 supra
849 2801 998 2867 vidimus.
1029 2805 1060 2844 -'
1090 2797 1279 2881 3(2l).nam

104 2929 170 2971 neo
194 2909 330 2971 nominis
354 2917 441 2972 certa
464 2916 514 2972 est
536 2909 649 2972 notitia
670 2893 770 2992 peaes
791 2930 861 2972 vos,
886 2909 905 2972 9
932 2905 999 2989 (47)
1023 2907 1170 2971 Infantes
1182 2926 1284 2989 peaes

106 3011 258 3076 Africam
282 3011 418 3078 Saturno
441 3013 685 3078 immolabantur
707 3013 812 3100 palam
836 3037 936 3098 usque
960 3013 1001 3078 ad
1026 3012 1284 3099 proconsulatum
1369 3101 1370 3106 γ

106 3116 241 3182 Tiberii.
280 3119 319 3182 10
356 3117 424 3202 (59)
459 3121 546 3184 Ante
579 3118 749 3184 Saturnum
784 3120 863 3184 deus
891 3143 992 3205 peaes
1028 3142 1084 3184 vos
1106 3140 1200 3182 nemo
1224 3125 1286 3193 est,

107 3225 152 3289 ab
176 3224 229 3288 illo
252 3247 367 3289 census
391 3219 488 3289 totius
512 3226 564 3290 vel
587 3228 719 3312 potioris
743 3235 776 3291 et
788 3229 919 3290 notioris
932 3226 1119 3290 divinitatis
1139 3225 1178 3287 19
1193 3219 1285 3302 (106)
1367 3209 1368 3216 ¹

109 3322 264 3416 Superior
298 3333 460 3395 invenitur
493 3333 584 3396 annis
608 3333 736 3396 circiter
757 3334 911 3396 trecentis
935 3353 1030 3416 quam
1053 3329 1104 3394 ille
1129 3330 1288 3413 antiquis·
1363 3367 1365 3400 ;

110 3439 211 3500 simus
230 3459 331 3521 perses
354 3459 413 3501 vos
436 3437 569 3502 Danaus
593 3439 625 3501 in
650 3437 738 3521 Argo
761 3435 1002 3502 transvenisset.
1031 3436 1070 3500 19
1086 3433 1175 3516 (106)
1187 3434 1286 3518 Moy·

111 3566 176 3622 see,
207 3565 307 3627 peltes
343 3566 437 3628 quem
461 3552 493 3608 et
516 3553 694 3629 temporum
717 3544 795 3609 ordo
819 3543 961 3628 digestus
986 3542 1026 3607 ab
1051 3544 1140 3607 initio
1164 3563 1286 3627 suppu·

108 3703 326 3716 ..-.-

153 3772 161 3796 ¹
192 3773 262 3826 stul.
293 3771 362 3826 Lok.
390 3771 602 3826 Verschiedenh.
629 3771 677 3825 der
698 3772 745 3825 lat.
765 3771 825 3842 Spu
845 3788 872 3840 p.
893 3769 961 3834 136;
980 3769 1096 3822 Dirlasca
1113 3767 1241 3821 manuale
1259 3783 1287 3836 p.

23 3931 30 3938 ο
79 3862 192 3922 ·694a.
216 3851 360 3930 Koffmorw
383 3860 482 3915 Gesch.
501 3860 548 3914 des
566 3860 735 3914 Kirehenlat.
755 3859 795 3912 II.
813 3877 841 3929 p.
862 3859 921 3912 141.
943 3859 1016 3922 142.;
1035 3857 1142 3912 Romala
1161 3856 1184 3909 Ι.
1205 3871 1231 3908 u.
1250 3853 1287 3908 V.

111 3971 140 4024 p.
160 3950 221 4004 398.
240 3950 353 4003 Kzlkuer·
371 3949 411 4003 ΙΙ.
431 3949 448 4016 5
467 3950 509 4004 98.
530 3951 561 4014 6;
580 3950 670 4004 Hand.
689 3949 803 4003 Tursell.
822 3948 875 4003 IV.
894 3965 920 4018 p.
939 3948 992 4001 422
1011 3965 1068 4018 sqq.
1087 3947 1205 4012 Droeper
1223 3944 1246 3998 Ι.
1261 3960 1290 4013 p.
1351 3979 1354 4026 3

112 4040 167 4094 543
186 4057 225 4110 sq.
244 4039 313 4092 Kato
336 4038 435 4104 ,Rome
453 4039 593 4094 Jurlsten”
613 4057 658 4112 pg.
677 4039 719 4094 90.

1358 3651 1360 3662 t
