2788 4500
633 213 674 275 55

64 408 153 470 illius
191 408 332 472 aemulae
370 409 500 471 rationis
539 408 704 472 inimicum,
737 407 963 490 praesumptis,
998 427 1063 468 non
1099 405 1241 490 probatis

65 513 254 578 criminibus
277 515 314 577 de
337 535 395 577 sua
418 514 485 577 sola
508 512 712 577 confessione
736 511 913 578 damnetur.
932 513 952 574 3
969 508 1037 592 (22)
1055 510 1143 587 Quid
1155 513 1241 587 novi,

67 623 96 682 si
118 621 225 705 aliqua
248 619 417 705 disciplina
440 622 477 685 de
499 621 650 703 magistro
674 627 919 704 cognomentum
943 616 1154 681 sectatoribus
1177 619 1242 681 suis

69 728 215 791 inducit?
253 727 369 792 Nonne
407 727 589 813 philosophi
629 727 667 790 de
710 725 892 790 auctoribus
930 726 995 788 suis
1019 731 1244 809 nuncupantur

69 833 237 912 Platonici,
272 833 446 919 Epicurei?
481 835 501 896 3
538 830 605 913 (22)
629 832 729 896 Plane
753 834 779 894 si
804 833 859 916 qni
882 830 1032 917 probavit
1054 829 1169 894 malam
1193 851 1243 894 se·

68 948 153 1004 ctam
188 949 220 1004 et
253 943 298 1004 ita
321 941 436 1005 malum
461 947 493 1004 et
515 948 687 1017 auctorem,
711 941 738 1002 is
762 938 912 1024 probabit
933 947 966 1002 ct
988 961 1104 1002 nomen
1126 938 1243 1001 malum

67 1046 200 1129 dignum
235 1046 309 1111 odio
343 1049 380 1110 de
402 1055 492 1110 reatu
516 1054 622 1110 sectae
647 1053 679 1109 ct
703 1047 853 1121 auctoriS,
878 1044 1014 1128 ideoque
1038 1053 1111 1108 ante
1135 1044 1243 1108 odium

66 1153 205 1217 nominis
241 1153 432 1240 conpetebat
465 1155 551 1239 prius
583 1155 620 1218 de
643 1160 772 1217 auctore
797 1159 917 1216 sectam
938 1172 1168 1234 recognoscere
1192 1150 1244 1214 vel

65 1269 230 1325 auctorem
265 1263 302 1325 de
337 1269 433 1325 secta.
465 1263 484 1324 3
511 1257 578 1341 (21)
605 1258 670 1324 Sed
693 1268 725 1344 et
748 1281 828 1323 cum.
845 1268 1011 1344 perperam
1035 1256 1243 1321 Chrestianus

65 1369 292 1450 pronuntiatur
324 1391 342 1430 a
376 1367 469 1431 vobis
494 1367 531 1429 da
556 1368 713 1430 suavitate
736 1366 789 1429 vel
812 1365 1007 1449 benignitate
1031 1366 1244 1450 compositum

20 1531 24 1536 .
65 1483 118 1536 cst
143 1471 175 1553 (i.
202 1497 229 1538 e.
254 1477 343 1538 vocis
367 1473 547 1538 Chrestiani
571 1475 659 1557 origo
683 1471 856 1559 repetenda
878 1480 927 1535 est
942 1494 961 1535 a
977 1468 1243 1554 vocabulo‚qu0d

26 1617 27 1624 κ
65 1582 259 1644 suavitatem
287 1579 408 1645 iudicat
429 1579 449 1643 ¹.
474 1581 494 1643 4
520 1577 588 1661 (27)
614 1582 740 1643 sivero
764 1578 861 1655 facta,
886 1600 942 1641 cur
965 1580 1002 1641 de
1025 1578 1093 1641 solo
1117 1579 1243 1641 nominc

19 1729 22 1738 ·
65 1688 206 1770 puniunt
229 1686 326 1764 lacta,
350 1708 431 1770 quae
455 1688 487 1748 in
513 1686 582 1750 aliis
606 1688 643 1749 de
664 1685 813 1763 admisso,
835 1707 900 1748 non
915 1686 952 1748 de
967 1686 1094 1748 nomine
1110 1682 1243 1769 probata
1303 1755 1307 1772 β

19 1857 20 1862 ,
64 1790 256 1855 defendunt.
290 1794 307 1857 7
333 1789 400 1873 (38)
425 1793 572 1855 Dicimur
587 1793 831 1856 :sceleratissimi
854 1793 891 1855 de
914 1799 1112 1855 sacramento
1136 1790 1242 1853 inlan-

20 1965 24 1970 ,
63 1897 170 1962 ticidii
205 1907 237 1962 et
271 1898 387 1983 pabulo
421 1899 506 1963 inde.
533 1900 550 1962 7
579 1896 646 1980 (38)
671 1899 721 1962 De
743 1907 851 1962 vestra
874 1897 966 1962 vobis
991 1895 1242 1960 dissimulatione

64 2004 296 2088 praescribitur
316 2027 380 2068 non
404 2027 474 2069 esse
498 2004 585 2090 quod
610 2027 669 2069 nec
692 2006 754 2090 ipsi
770 2003 893 2068 audetis
911 2001 1244 2086 eruere..(praesorihi

19 2164 23 2172 .
63 2113 102 2174 cle
127 2110 214 2174 idem
238 2111 306 2175 fere
328 2111 358 2175 h.
383 2111 403 2174 l.
428 2112 514 2175 valet
538 2110 641 2196 quod:
659 2111 805 2194 efficiere,⁸
821 2111 864 2175 cl.
878 2134 925 2190 ea,
940 2133 1020 2195 quae
1033 2110 1117 2192 intra
1129 2110 1169 2174 de
1181 2110 1241 2174 hoc

20 2234 29 2295 p
64 2217 167 2281 verbo
192 2232 265 2280 sunt
289 2215 397 2298 dicta).
423 2219 442 2280 9
468 2215 535 2299 (49)
561 2219 615 2280 An
638 2218 698 2281 hoc
722 2220 855 2303 turpius,
881 2217 966 2302 quod
991 2217 1063 2280 mali
1080 2216 1241 2280 hominis?

63 2331 153 2386 certe
188 2331 295 2388 tamen
328 2325 366 2388 de
400 2323 572 2388 homicidio
604 2324 758 2388 tunditur.
784 2326 803 2388 9
829 2321 896 2406 (52)
920 2324 1070 2410 Ipsorum
1092 2346 1236 2387 ursorum

18 2454 36 2512 :V
63 2431 150 2493 alvei
190 2439 384 2515 appetuntur
424 2429 620 2495 cruditantes
661 2430 765 2495 adhuc
800 2433 837 2495 de
871 2430 1048 2495 visceribus
1083 2431 1239 2494 humanis.

24 2556 39 2616 (η.
65 2536 106 2598 14
145 2533 213 2616 (78)
249 2535 309 2599 Est
344 2544 376 2600 et
408 2537 462 2600 ille
496 2539 533 2601 da
566 2539 673 2622 lyricis
699 2535 884 2618 (Pindarum
907 2535 1003 2619 dico).
1032 2540 1071 2602 15
1097 2535 1165 2618 (85)
1191 2538 1240 2601 Dc

18 2665 35 2731 (ᾗ
62 2649 252 2727 contemptu
285 2644 392 2727 utique
422 2653 592 2714 censentur
615 2652 680 2708 tam
703 2667 811 2708 eorum
835 2647 889 2728 qui
913 2645 1068 2709 eiusmodi
1092 2645 1241 2709 factitant

18 2794 39 2838 p
62 2734 161 2832 quam
196 2770 306 2812 corum
341 2749 455 2833 quibus
484 2750 641 2815 factitant.
670 2752 709 2814 16
735 2748 802 2831 (97)
827 2774 866 2815 ne
890 2751 967 2836 quid
991 2755 1126 2816 rumoris
1150 2753 1241 2836 qnasi

62 2857 101 2917 de
125 2857 323 2919 couscientia
346 2859 617 2941 praeterissemus.
645 2859 685 2922 16
711 2855 778 2938 (96)
804 2860 895 2922 etde
918 2881 1015 2944 capro
1039 2867 1069 2922 et
1093 2855 1240 2922 dearietc

62 2969 227 3025 cornutos
255 2963 294 3024 16
319 2959 387 3043 (91)
411 2962 561 3026 Diximus
586 2965 739 3047 originem
763 2963 893 3050 deorum
906 2973 1084 3029 vestrorum
1098 2965 1240 3050 aplastis

61 3069 101 3131 de
124 3090 220 3132 cruce
245 3067 363 3133 induci.
391 3070 429 3132 17
456 3067 524 3150 (97)
548 3070 650 3149 DcuS,
674 3074 729 3155 qui
753 3080 853 3136 totam
876 3073 991 3136 molem
1013 3074 1050 3136 de
1073 3071 1172 3135 nihilo
1185 3094 1240 3136 ex·

62 3176 193 3258 pressit.
222 3175 261 3238 18
286 3172 377 3256 (102)
402 3176 451 3240 De
476 3179 590 3240 vestris
616 3200 741 3253 sumus3
765 3178 854 3256 fiunt,
867 3201 931 3242 non
943 3187 1117 3242 nascuntur
1130 3177 1240 3242 Chris-

62 3282 153 3343 tiani.
182 3281 222 3343 18
247 3278 337 3362 (102)
362 3282 453 3359 Quos
479 3282 616 3346 diximus
641 3284 887 3369 praedicatores
901 3284 1240 3371 prophetaedeofficio

18 3385 246 3485 31b(praefandi
280 3397 443 3452 vocantur
482 3391 522 3453 18
559 3387 649 3471 (194)
685 3388 749 3453 Sed
784 3413 823 3455 ne
857 3393 971 3455 notitia
1004 3398 1144 3468 vacaret,
1180 3390 1240 3454 hoc

18 3479 48 3598 p)
62 3515 193 3577 quoqne
229 3516 246 3557 a
279 3493 421 3559 Judaeis
445 3496 629 3562 Ptolemaeo
664 3496 878 3583 subscriptum
912 3507 962 3561 est
984 3499 1186 3582 septuaginta
1209 3507 1240 3561 ct

31 3631 47 3717 J)
62 3599 191 3664 duobus
224 3601 449 3686 interpretibus
483 3603 624 3687 indultis,
649 3627 728 3689 quos
752 3603 962 3668 Menedemus
986 3626 1112 3689 quoque
1136 3604 1240 3689 philo·

18 3749 52 3814 (aa

18 3843 55 3922 ll?
105 3859 112 3884 ¹
131 3860 168 3914 ad
196 3861 274 3916 Natt.
296 3863 319 3917 Ι.
339 3863 373 3917 3:
392 3862 577 3919 Christianum
597 3882 661 3920 vero
678 3882 786 3934 nomen,
806 3871 940 3936 quantum
958 3866 1121 3936 significatio
1139 3874 1187 3932 est,
1207 3867 1240 3922 dc

18 3967 52 4025 ,3111
62 3950 195 4004 unctione
222 3951 423 4021 interpretatur.
445 3953 537 4008 Etiam
556 3971 620 4008 cum
638 3959 763 4022 conupte
782 3971 799 4007 a
816 3954 893 4009 vobis
911 3955 1064 4008 Chrestiani
1077 3956 1240 4026 pronuntia·

18 4023 40 4137 (1
52 4053 134 4110 auur,
153 4039 193 4092 sic
211 4056 320 4109 quoque
337 4040 372 4094 dc
390 4043 524 4096 suavitate
542 4043 586 4095 vel
603 4042 726 4096 bonitate
744 4042 918 4096 modulatum
936 4049 985 4096 est.
