2808 4492
539 234 751 297 ’.84

134 429 428 493 obammataa‘bas
452 429 606 492 scelerum
630 429 749 492 votivis
774 428 922 492 crucibus
946 430 1094 513 exposuit
1117 450 1197 512 sqq,
1218 426 1303 511 quod

134 535 298 620 epitheton
331 535 362 598 11.
386 535 407 598 l.
432 557 496 598 non
519 537 623 598 minus
647 533 799 598 audacter
822 558 917 619 quam
940 535 1114 598 insolenter
1136 557 1174 598 ac
1196 534 1304 597 brevi-

131 641 298 725 loquenter
320 640 497 705 adhibitum
521 647 578 704 est.
605 637 912 721 (obumbrandam
935 640 1062 704 ABDE
1087 636 1140 720 (111.
1166 636 1240 719 sec.)
1265 639 1302 702 F.

134 745 166 810 G
188 745 202 795 1
226 746 352 818 abcdef.
377 745 482 810 Oxou.
507 745 628 808 Erfurt.
653 745 1129 823 Ambros;'obaacbratc'rc‘bas
1141 745 1303 820 Vindob.;

133 853 402 917 obumbrantibus
425 853 499 926 alii).
525 853 565 915 21
592 847 680 933 (119)
692 850 798 916 Huius
811 854 907 936 igitur
917 855 1037 936 gratiae
1050 852 1303 937 disciplinaeque

134 958 251 1023 arbiter
274 967 307 1023 et
328 961 488 1043 magister,
512 959 734 1022 inluminator
756 964 852 1041 atqae
863 960 1014 1023 deductor
1025 960 1150 1042 generis
1162 957 1303 1035 humani,

132 1065 214 1128 filius
252 1065 305 1128 dei
327 1063 588 1129 adnunciabatur.
613 1064 720 1142 (Quod
745 1065 785 1129 ad
808 1065 869 1129 hcc
892 1065 1085 1130 vocabulum
1112 1063 1300 1141 „deducar”

22 1243 28 1261 Ι
133 1173 246 1235 attinet
280 1171 323 1235 cf.
350 1171 496 1235 Schmidt
531 1170 588 1248 ,de
612 1171 788 1234 Latinitate
811 1170 1026 1235 Tertullianea
1048 1170 1076 1234 I.
1101 1195 1132 1256 p.
1159 1171 1198 1233 11
1222 1169 1306 1235 haec

133 1258 361 1341 disserentem:
403 1277 504 1354 ,Mira
539 1284 571 1340 et
604 1300 623 1340 a
658 1277 869 1341 Ciceroniano
899 1300 960 1341 usu
984 1286 1105 1341 remota
1128 1277 1306 1360 eademque

133 1386 217 1456 inter
253 1406 288 1448 se
311 1383 439 1448 diversa
461 1386 549 1447 notio
573 1392 621 1448 est
644 1383 729 1469 apud
753 1384 884 1448 Tertull.
909 1384 1067 1449 vocabulo
1096 1383 1288 1462 „deductor”
1294 1433 1305 1464 ,

134 1493 187 1575 qui
211 1490 296 1576 apud
319 1491 407 1553 illum
430 1512 493 1554 non
517 1493 543 1554 is
567 1498 626 1569 est,
651 1493 704 1574 qui
728 1489 860 1554 deducit
874 1491 1011 1574 aliquem
1025 1486 1081 1574 (=
1097 1494 1225 1568 comes),
1244 1490 1304 1554 sed

133 1598 231 1660 altero
255 1598 386 1673 loccis,
411 1599 464 1682 qui
488 1596 620 1662 adducit
644 1606 676 1661 et
698 1596 792 1661 affert
815 1596 935 1682 aliquid
960 1595 1046 1679 (Cor.
1072 1599 1093 1660 4
1118 1618 1125 1662 :
1150 1596 1181 1661 d.
1195 1600 1301 1661 omnis

133 1700 299 1783 veritatis),
335 1704 434 1767 altero
469 1705 687 1789 interpretatio
713 1697 839 1767 ¹Graeci
872 1706 1010 1768 nominis
1040 1700 1204 1770 ”adoravis
1226 1706 1248 1767 i.
1273 1727 1303 1768 e.

133 1809 245 1874 doctor
282 1807 325 1891 (d.
360 1813 485 1894 generis
508 1811 637 1875 humani
660 1810 724 1897 Ap.
750 1807 835 1891 21).”
862 1811 950 1874 Mate
974 1809 1118 1876 Schmidt
1141 1810 1308 1896 duplicem

133 1915 189 1980 dat
220 1918 287 1980 eius
325 1916 473 1980 vocabuli
500 1917 781 2000 significationem
808 1919 959 1981 deductor
982 1920 1066 1981 enim
1086 1918 1196 1981 caracle
1217 1918 1307 1980 ceri-

134 2024 210 2086 tatis
234 2006 394 2108 pertinent
416 2025 511 2087 etiam
534 2021 575 2086 ad
596 2023 873 2105 significationem:
898 2019 1074 2089 retarderis
1088 2045 1168 2108 quae
1181 2024 1308 2088 locutio

132 2131 200 2193 sine
221 2128 319 2194 dubio
343 2136 392 2193 est
415 2137 483 2193 orta
506 2151 523 2194 e
547 2127 665 2194 Christi
690 2129 796 2194 verbis
818 2129 858 2193 de
880 2132 992 2215 spiritu
1014 2138 1136 2211 sancto,
1161 2132 1214 2214 qui
1226 2141 1311 2215 post

132 2257 204 2299 eum
225 2243 292 2299 erat
314 2243 488 2299 venturus:
518 2235 587 2312 ,die
610 2235 658 2298 nal
682 2258 703 2298 u
726 2237 759 2298 in
782 2236 842 2300 alle
866 2236 1024 2300 waarheid
1046 2235 1248 2313 leiden”;cf.
1262 2237 1309 2302 de

131 2342 263 2426 Monog.
287 2341 343 2404 Π]
366 2340 417 2415 (Ο.
442 2341 469 2405 I.
498 2364 530 2426 p.
549 2338 624 2425 Ι765)
642 2343 770 2427 spiritus
787 2344 1014 2428 superveniens
1028 2341 1069 2406 ad
1081 2345 1309 2409 deducendam

131 2448 332 2534 disciplinam
365 2451 399 2512 in
432 2471 557 2512 omnem
593 2434 782 2531 veritatem).
820 2450 861 2512 14
897 2446 966 2530 (78)
990 2449 1116 2514 Exinde
1141 2453 1210 2534 quis
1238 2475 1312 2516 non

132 2564 225 2640 poeta
278 2577 317 2619 ex
362 2557 549 2620 auctoritate
596 2557 749 2640 principis
796 2557 845 2618 sui
890 2557 1095 2620 dedecorator
1139 2559 1316 2622 invenitur

130 2661 289 2726 deorum?
313 2664 354 2726 25
380 2659 470 2742 (159)
486 2683 565 2746 quos
579 2660 701 2725 sciebat
713 2659 883 2725 Graeciam
894 2660 1052 2746 Phrygiae
1068 2662 1315 2727 debellatricem

131 2766 380 2850 (debellatricem
402 2766 606 2838 DErabcdef.
632 2766 754 2830 Erfurt.
772 2766 901 2844 Oxon.;
926 2766 1151 2832 debellatorem
1163 2767 1313 2836 ABFG.

130 2875 274 2942 Vindob.
313 2873 476 2956 Ambr0s)
520 2873 717 2938 subacturos
754 2871 821 2955 (ubi
855 2896 874 2937 a
908 2873 1052 2958 perlecto
1086 2875 1192 2960 aliquo
1229 2887 1317 2943 actu

130 2985 191 3048 hoc
227 2981 382 3047 Graeciae
418 2982 580 3066 epitheton
612 2988 809 3066 assumptum
848 2991 897 3044 est
931 3005 972 3034 =
997 3003 1077 3065 quae
1100 2980 1315 3066 debellavit).

131 3092 171 3153 21
209 3087 299 3171 (122)
334 3087 426 3152 Haec
461 3073 634 3152 Cleanthes
670 3089 702 3150 in
737 3088 883 3172 spiritum
911 3090 1063 3171 congerit,
1098 3109 1192 3172 quem
1228 3111 1318 3174 per-

130 3202 305 3261 meatorem
327 3196 542 3258 universitatis
567 3193 719 3258 adfirmat.
745 3195 786 3257 26
812 3189 902 3274 (116)
914 3193 1082 3258 Postremo
1094 3196 1121 3257 si
1135 3194 1318 3264 Romanae

130 3304 298 3387 rehgiones
333 3324 432 3386 regna
464 3308 636 3386 praestant,
672 3322 843 3383 numquam
872 3307 956 3363 retro
986 3299 1112 3364 Judaea
1134 3317 1321 3384 regnasset

130 3408 308 3492 despectrice
343 3409 556 3471 communium
591 3408 722 3470 istarum
744 3405 956 3470 divinitatum.
983 3407 1024 3470 36
1054 3404 1143 3488 (191)
1167 3406 1321 3476 Nullum

9 3573 11 3579 .
131 3515 250 3579 bonum
284 3513 343 3578 sub
367 3515 554 3598 exceptione
578 3534 785 3598 personarum
811 3511 1078 3590 administramus,
1105 3514 1181 3596 quia
1209 3516 1321 3583 nobis

131 3628 337 3706 praestamus
362 3622 417 3705 qui
439 3626 503 3683 no'n
527 3618 567 3682 ab
590 3618 717 3682 homine
734 3625 788 3682 aut
799 3617 901 3682 laudis
913 3627 968 3682 aut
980 3621 1112 3704 praemii
1124 3641 1322 3704 expensum

131 3736 305 3814 captamus,
330 3726 387 3791 sed
410 3725 501 3790 adeo
514 3731 659 3790 eaactore
670 3732 703 3788 et
713 3729 955 3788 remuneratore
966 3724 1177 3790 indifferentis
1189 3725 1323 3816 benig-

131 3836 248 3897 nitatis.
273 3834 316 3896 48
341 3829 431 3913 (252)
455 3829 670 3920 Dubitabitur,
695 3829 802 3908 credo,
827 3829 866 3895 de
890 3830 943 3895 dei
965 3830 1097 3909 viribus,
1110 3834 1164 3916 qui
1177 3839 1323 3904 tantum

132 3961 247 4024 corpus
271 3939 333 4002 hoc
355 3936 465 4000 mundi
488 3936 528 4001 de
552 3959 589 4000 eo
613 3935 699 4020 quod
721 3959 786 4000 non
809 3936 914 4001 tuerat
936 3960 1000 4002 non
1024 3940 1127 4002 minus
1152 3945 1323 4023 quamde

95 4029 97 4036 ¹
133 4055 232 4109 morte
267 4045 442 4109 vacationis
477 4051 509 4106 et
541 4045 702 4107 inanitatis
738 4043 799 4107 sibi
834 4045 940 4129 posuit
974 4048 1146 4110 animatum
1185 4045 1323 4134 spiritu
1399 4079 1400 4116 ;
