2788 4500
685 169 738 236 26:

166 363 297 448 Dipsas
307 384 383 428 cam
395 363 464 446 Ias.
483 367 494 404 1
509 363 594 448 apud
607 365 777 448 scriptores
790 364 945 447 sequioris
956 370 1079 426 tantum
1091 362 1204 425 aetatis
1216 360 1290 443 legi·

121 475 172 531 tur
189 470 230 534 10
245 467 314 551 (58)
334 467 465 533 Summa
494 469 573 534 haec
601 491 707 548 causa,
732 471 828 533 immo
851 477 919 532 tota
942 475 1000 546 est,
1026 469 1178 551 etutique
1191 467 1287 549 dipuo

83 616 87 624 -
122 577 267 658 oopoosci
292 577 331 640 18
357 573 447 658 (100)
471 577 558 640 viros
583 577 667 645 enim
689 578 829 641 iustitiae
853 577 1036 640 innocentia
1058 576 1174 658 diqoos
1197 571 1290 636 deum

121 702 214 746 nosse
237 689 269 745 et
291 683 454 756 ostendere
475 704 494 745 a
516 681 689 766 primordio
713 683 747 746 in
763 682 925 746 saeculum
937 683 1042 746 emisit
1055 682 1169 766 spiritu
1181 678 1291 742 divino-

122 786 303 870 inundatos,
327 810 397 872 sqq.
422 788 464 851 48
488 785 578 869 (251)
603 786 660 852 sed
683 787 724 852 de
747 797 856 852 nostra
878 790 978 872 magis
1011 786 1209 862 defensione,
1236 785 1290 868 qui

122 897 327 978 proponimus
362 894 468 964 multo
496 896 605 978 utique
640 895 773 977 dipodius·
808 895 894 958 credi
916 893 1078 957 homiuem
1102 915 1142 956 ex
1164 891 1287 955 homine

26 1009 30 1018 ’
122 998 305 1063 rediturum.

166 1106 291 1171 Fundis
326 1128 401 1170 cuca
435 1106 611 1188 rufiniano
627 1104 657 1171 ²:
694 1107 736 1169 45
773 1102 864 1196 (229)
899 1105 1004 1170 Tanta
1040 1113 1089 1169 est
1123 1102 1290 1190 prudentia

122 1212 259 1276 hominis
294 1213 335 1278 ad
369 1212 650 1276 demonstrandum
679 1212 798 1277 bonum
821 1221 939 1297 quanta
962 1215 1135 1277 auotoritas
1159 1209 1200 1275 ad
1224 1209 1293 1272 exi·

122 1319 280 1404 gendum:
315 1328 380 1383 tam
404 1319 459 1383 illa
480 1319 557 1402 falli
578 1319 688 1402 facilis
712 1342 807 1403 quam
829 1321 891 1382 ista
914 1319 1088 1383 contemni.
1116 1314 1215 1397 („tam
1238 1313 1293 1377 illa

123 1425 260 1504 facilis’',
285 1406 402 1489 omisso
425 1447 497 1488 voc.
527 1423 629 1501 „falli”
657 1423 707 1488 ed.
731 1422 848 1505 Rhen.)
872 1424 915 1488 46
934 1420 1023 1504 (236)
1041 1423 1148 1486 Deum
1161 1420 1293 1506 quilibet

124 1531 234 1617 opifex
258 1531 458 1595 Christianus
483 1538 514 1594 et
537 1532 660 1594 invenit
682 1538 714 1595 et
737 1521 878 1595 o'stendit
900 1538 933 1592 et
955 1528 1070 1594 exinde
1093 1526 1293 1611 totimiquod

124 1642 156 1702 in
181 1637 276 1702 deum
300 1639 461 1722 quaeritur
482 1659 517 1700 re
541 1658 667 1720 quoque
691 1636 853 1720 ad'signat3
877 1636 952 1700 licet
963 1635 1057 1700 Plato
1070 1633 1214 1698 adfirmet
1225 1634 1298 1696 fac-

126 1748 285 1810 titatorem
323 1745 539 1810 universitatis
578 1765 682 1826 neque
719 1743 867 1807 inveniri
903 1743 1035 1826 fatalem
1074 1749 1106 1805 et
1129 1743 1297 1805 inventum

125 1853 263 1916 enarrari
296 1853 330 1915 iu
365 1872 474 1915 omnes
510 1849 679 1914 difficilem.
717 1847 809 1929 (Var.
842 1850 938 1918 lectt:
970 1851 1113 1914 invenire
1136 1847 1232 1912 facile
1255 1846 1298 1909 F.

124 1957 287 2034 Vindob.;
323 1959 467 2048 invenire
501 1957 629 2021 facilem
652 1955 700 2032 G;
718 1958 861 2020 inveniri
884 1956 978 2020 facile
1001 1953 1037 2037 l.)

510 2329 577 2395 DE
605 2325 909 2394 PAR'I'IOIPIO.
990 2386 997 2400 .

170 2503 392 2586 Porticepiam
429 2491 583 2585 temporis
616 2499 801 2584 proesentis
834 2497 1007 2560 amandun
1040 2516 1105 2579 pro
1127 2496 1305 2572 attributa

94 2593 96 2601 ¹
127 2611 212 2692 quod
244 2609 377 2688 dicitur,
409 2607 498 2671 corbi
540 2593 640 2684 „esse”
676 2598 813 2689 quocum
847 2602 946 2667 verbo
977 2605 1182 2667 coniunctum
1205 2603 1304 2685 quasi

51 2745 52 2750 ¹
126 2717 382 2800 coniugationem
408 2713 670 2799 periphrasticam
682 2711 779 2775 efficit
797 2713 811 2750 ⁸
827 2711 869 2773 30
887 2707 977 2791 (174)
990 2709 1072 2773 Illuc
1085 2709 1302 2796 suspicientes

128 2821 301 2886 Christiani
329 2819 475 2884 manibus
511 2821 670 2905 expansis,
697 2819 771 2902 quia
794 2819 949 2893 innocuis,
974 2817 1078 2901 capite
1101 2814 1197 2891 nud0‚
1223 2815 1304 2898 quia

127 2950 191 2991 nou
215 2927 441 3004 erubescimus,
465 2924 603 3009 denique
627 2927 694 2988 sine
718 2925 883 3001 monitore,
909 2923 984 3006 quia
1006 2920 1047 2986 de
1070 2929 1199 3006 pectore
1226 2942 1307 2982 ora-

127 3057 196 3098 mus
215 3038 385 3118 precoates
408 3053 526 3094 silmas
550 3053 675 3116 semper
698 3052 755 3116 pro
780 3027 926 3093 omnibus
950 3026 1205 3114 imperatoribus.

167 3289 175 3314 ¹
215 3278 322 3331 Kellucr
341 3276 412 3346 Sprl.
432 3276 493 3346 Eig.
512 3275 596 3328 Tora:
616 3276 734 3344 Droeper
752 3276 827 3330 Hist.
847 3275 925 3343 Synt.
945 3273 961 3340 ᾖ
981 3275 1047 3337 421;
1071 3274 1180 3326 Goelzer
1198 3272 1245 3325 lat.
1269 3271 1313 3324 de

127 3368 167 3423 St.
186 3367 243 3422 Jer.
262 3384 290 3436 p.
309 3367 368 3420 366.

13 3507 14 3510 ,
166 3464 175 3490 ¹
206 3456 242 3510 cf.
262 3454 310 3510 Sil.
329 3453 392 3509 Ital.
414 3453 454 3508 12.
476 3453 541 3507 163:
565 3453 709 3518 „Planities
725 3452 813 3506 facilis
831 3451 924 3507 adiri.n
946 3450 1019 3504 Vide
1037 3467 1104 3520 quos
1123 3451 1226 3504 excitat
1238 3449 1312 3502 Hil-

127 3544 201 3597 debr.
221 3543 257 3597 ad
275 3542 359 3612 Apul.
378 3542 451 3597 Flor.
473 3543 496 3597 1.
515 3543 540 3596 3.
559 3560 587 3612 p.
607 3543 653 3607 ll;
672 3543 706 3596 cf.
726 3540 880 3605 Diederich‚
900 3540 1019 3594 Glossar.
1039 3539 1074 3593 ad
1092 3539 1251 3618 DictCrct.
1265 3538 1315 3591 II.

128 3635 170 3687 21.
190 3651 217 3703 p.
237 3632 296 3686 286.
316 3663 349 3672 -

167 3719 176 3747 ⁸
212 3722 248 3775 cf.
267 3720 301 3774 de
319 3721 371 3774 hoo
390 3738 440 3773 usu
460 3721 551 3774 Plaut.
571 3721 653 3774 Poen.
673 3721 709 3775 V.
729 3721 753 3785 2,
775 3720 820 3773 78;
841 3724 873 3772 ut
891 3718 927 3772 sis
946 3719 1046 3782 soiens3
1064 3718 1144 3772 Truo.
1169 3720 1190 3782 1,
1214 3719 1239 3782 2,
1252 3719 1313 3771 29:

127 3811 216 3867 solens
234 3826 308 3874 sum;
326 3810 386 3862 Ter.
400 3808 486 3862 Andr.
506 3809 566 3872 508,
587 3809 650 3872 775;
671 3809 740 3862 Oato
762 3825 782 3862 r.
802 3825 823 3861 r.
843 3805 938 3877 praef.;
963 3807 1108 3861 Vitruvius
1120 3806 1318 3860 multahuius

127 3901 231 3969 generis
250 3896 384 3953 scribendi
404 3896 529 3966 exempla
547 3897 633 3962 offert,
655 3913 725 3966 quae
743 3897 836 3950 omnia
854 3895 977 3965 collegit:
997 3895 1074 3949 Albr.
1093 3894 1315 3950 Koehler:Act.
1381 3947 1382 3956 ,

129 3986 229 4041 Semin.
258 3985 364 4056 Philog.
384 3984 495 4056 Erlang,
515 4003 541 4056 p.
560 3985 628 4048 449;
647 3983 761 4040 Goelzer
780 3983 846 4038 Lat:
865 3983 899 4038 do
918 3983 958 4038 St.
978 3985 1096 4048 domme,
1115 4001 1142 4053 p.
1162 3983 1224 4048 389,
1242 3983 1275 4038 2.

1374 201 1382 237 l

1374 239 1382 274 t
