2788 4500
8 4053 15 4118 l

639 163 802 247 rag

67 355 171 434 ribus,
197 357 292 419 etiam
315 377 372 439 pro
396 357 481 418 omni
506 363 591 419 statu
614 357 737 440 imperii
761 353 920 439 rebusque
932 354 1096 433 Romanis,
1110 356 1169 437 orci
1182 357 1246 418 vim

67 464 243 528 maximam
265 463 416 526 universo
439 460 507 525 orbi
531 464 746 526 imminentem
765 463 930 547 ipsamque
943 461 1116 524 clausulam
1129 461 1249 524 saeculi

67 568 262 633 acerbitates
292 567 466 633 horrendas
490 570 735 632 comminantem
757 567 894 633 Romani
919 569 1042 652 imperii
1067 574 1246 631 commeatu

67 677 196 740 scimus
229 674 382 739 retardari
418 672 507 759 („qui
539 673 623 738 vim”
661 673 889 739 ABDEFGlf.
917 674 1074 758 Bongars
1100 672 1247 737 Vindob.

68 779 215 853 arsura-3
245 781 348 866 „quod
372 781 456 845 vim”
483 778 596 861 abcde)
622 782 664 845 38
689 778 780 862 (196)
806 780 945 845 Proinde
963 802 1022 844 nec
1037 779 1132 865 paulo
1144 780 1249 843 lenius

69 891 157 952 inter
191 887 300 951 licitas
327 887 483 952 factiones
507 897 627 953 sectam
650 890 743 951 istam
768 886 913 973 deputari
937 886 1112 973 oportebat,
1138 909 1157 950 a
1180 907 1246 969 qaia

70 994 152 1058 nihil
175 993 238 1058 tale
262 996 487 1074 couemiltilor,
513 995 605 1079 quale
630 993 670 1058 de
680 995 810 1058 inlicitis
822 993 1016 1058 factionibus
1029 995 1131 1056 timeri
1144 994 1193 1056 sol
1211 991 1252 1054 t?

69 1102 116 1164 45
155 1096 246 1181 (231)
283 1103 445 1166 enimvero
468 1124 526 1166 nos
550 1103 610 1185 qai
632 1101 691 1165 sub
715 1101 775 1166 deo
799 1102 938 1164 omnium
960 1099 1158 1185 speculatore
1181 1099 1249 1161 (lis-
1285 1095 1293 1105 '

65 1207 268 1290 Jrrcnpimar,
282 1208 403 1292 quique
426 1216 587 1272 aeternam
611 1207 651 1272 ab
670 1189 713 1272 'eo
737 1230 872 1293 poenam
894 1207 1103 1290 providemus
1125 1205 1248 1281 merito,

71 1313 137 1376 soli
171 1312 203 1392 (l.
230 1362 237 1390 ,
261 1317 373 1379 merito
398 1316 474 1391 soli;
511 1319 635 1379 comma
657 1322 731 1399 post
759 1312 1000 1400 „providemus”
1028 1310 1250 1377 collocandum

71 1417 136 1501 cst)
161 1421 361 1485 innocentiae
385 1423 594 1492 occurrimus;
620 1422 662 1484 46
680 1417 770 1502 (235)
787 1421 894 1497 Quam
907 1421 1061 1484 inlusores
1074 1426 1106 1483 et
1118 1439 1249 1501 corrup-

69 1535 160 1589 tores
183 1528 309 1590 mimice
333 1527 514 1614 philosophi
538 1527 703 1592 adfectant
725 1530 893 1592 veritatem
916 1535 948 1591 ct
970 1523 1164 1590 adfectando
1184 1545 1249 1586 cor·

71 1639 237 1716 rumpunt,
262 1637 300 1696 at
322 1634 382 1716 pari
403 1634 536 1718 gloriam
559 1640 701 1717 captaret,
726 1633 899 1698 Christiani
913 1642 945 1698 et
957 1633 1138 1696 necessario
1150 1651 1249 1715 appe·

70 1746 149 1800 tunt
183 1747 214 1801 et
248 1741 370 1824 integre
403 1748 577 1825 praestant,
611 1747 650 1804 ut
676 1741 736 1824 qui
758 1741 853 1804 saluti
877 1762 952 1804 suae
976 1743 1104 1802 carcat.
1130 1735 1250 1800 Contra

74 1845 118 1906 39
145 1841 236 1925 (208)
260 1844 312 1910 Ita
335 1853 524 1925 saturantur,
549 1853 587 1911 ul
610 1848 669 1930 qaei
691 1847 903 1910 recruduerant
926 1849 1021 1910 etiam
1044 1867 1102 1932 per
1125 1852 1251 1906 noctem

73 1949 273 2016 adorandum
298 1951 392 2016 deum
416 1952 477 2017 sibi
501 1975 585 2030 esse;
610 1955 655 2017 ita
677 1952 870 2031 fabulantur,
893 1959 931 2016 ut
954 1953 1013 2035 qui
1032 1923 1140 2014 iciant
1152 1948 1250 2013 domi·

70 2080 151 2120 num
175 2057 294 2122 audire.
320 2093 361 2102 -
989 2053 993 2065 ⁸

732 2035 745 2066 0

557 2252 770 2262 ——--—

466 2416 532 2482 DE
556 2417 855 2485 INFINI'I'IVO.

121 2614 295 2696 Iofiae'tr'ri
316 2615 447 2678 consilii
472 2617 519 2678 cel
543 2615 668 2697 fiscalia,
698 2619 709 2656 ¹
738 2618 827 2700 quia
850 2614 958 2680 bonae'
976 2617 1089 2679 aetatis
1113 2617 1250 2700 scripto-

72 2721 164 2784 ribus
188 2742 252 2784 non
274 2728 453 2806 usurpatur,
478 2744 581 2806 pauca
603 2729 725 2785 tautum
749 2721 894 2806 exempla
917 2720 1021 2785 afferri
1046 2729 1189 2806 possunt.
1208 2722 1249 2784 22

73 2824 168 2908 (136)
203 2825 345 2912 Angelos
381 2849 507 2912 quoque
542 2830 637 2892 etiam
668 2827 762 2893 Plato
796 2851 860 2892 non
895 2829 1038 2912 negavit3
1085 2830 1251 2911 utriusque

72 2935 213 2998 nominis
245 2942 343 2998 testes
367 2956 432 2999 esse
455 2934 508 2999 vel
530 2938 613 3020 magi
637 2934 753 2999 adsunt
777 2931 808 3014 (i.
834 2958 861 2998 e.
886 2935 1003 2999 adsunt
1027 2937 1080 3019 qui
1106 2936 1250 2998 testimo-

73 3044 166 3104 nium
195 3039 304 3104 dicant
333 3063 447 3126 nempe
471 3063 542 3105 esse
565 3050 598 3106 ct
620 3040 792 3106 daemonas
817 3050 849 3105 ct
871 3041 1031 3126 angelos);
1061 3050 1176 3119 „testes
1201 3043 1252 3104 vel

72 3149 162 3230 magi
197 3145 330 3232 adsuut”
369 3146 419 3211 ed.
455 3145 600 3212 Haverk.
637 3147 742 3212 deleto
779 3170 849 3212 voe.
886 3170 966 3212 esse.
992 3149 1033 3211 39
1059 3144 1149 3228 (208)
1173 3148 1253 3211 Post

73 3274 193 3337 aquam
216 3254 394 3317 manualem
413 3255 450 3317 vet
473 3254 600 3332 lumina,
625 3263 660 3317 ut
684 3257 818 3339 quisquc
832 3254 872 3318 de
891 3257 1056 3340 scripturis
1070 3257 1188 3318 sanctis
1202 3255 1253 3318 vol

73 3359 115 3423 de
140 3361 270 3444 proprio
294 3361 421 3444 ingenio
445 3368 560 3446 potest,
585 3369 778 3446 provocatur
801 3363 833 3424 in
849 3360 988 3424 medium
1004 3359 1251 3425 decessere.—

121 3465 250 3530 Habere
279 3488 353 3530 ertia
379 3467 565 3548 Infinitive.
594 3469 607 3506 2
634 3466 764 3531 Habere
787 3491 815 3532 e.
839 3466 904 3531 Inl.
930 3470 1144 3544 coniunctum,
1168 3468 1253 3531 idem

115 3713 122 3738 ¹
142 3712 253 3766 aanor
271 3712 295 3766 1.
314 3729 341 3765 u.
361 3711 396 3766 v.
415 3730 441 3782 p.
460 3713 528 3776 aa
547 3713 708 3781 Koffmane:
729 3713 827 3769 sesan.
846 3714 893 3768 aas
914 3713 1085 3768 anchona.
1105 3715 1144 3768 Π.
1155 3733 1181 3785 p.
1194 3715 1252 3769 124.
1356 3699 1357 3704 '

114 3802 124 3831 ²
148 3801 184 3854 cf.
215 3800 328 3854 Kithrrer
353 3801 391 3854 ΙΙ.
411 3818 456 3871 pg.
474 3803 527 3855 496
546 3802 573 3855 A
591 3803 607 3854 3
627 3803 784 3872 (Perpcram
802 3803 947 3857 lieltherus
966 3820 1015 3873 pro
1034 3803 1159 3873 exemplo
1174 3803 1260 3856 huius·

73 3890 183 3962 generis
210 3889 346 3944 scribendi
368 3891 447 3944 affert
464 3891 522 3945 Cic.
541 3891 587 3946 Or.
607 3892 650 3945 42.
673 3892 739 3945 144:
762 3891 939 3962 „dignitatem
958 3893 1054 3946 docere
1072 3909 1126 3946 non
1145 3892 1258 3956 habet”,

73 3996 146 4050 quae
174 3977 259 4034 verba
286 3977 355 4032 nihil
383 3978 459 4032 aliud
480 3979 635 4050 significant
653 3981 705 4033 nisi
725 3980 823 4050 (Belg.)
846 3988 881 4046 „t
900 3983 938 4035 los
958 3999 1042 4052 goren
1062 3985 1135 4034 staat
1152 3981 1207 4033 niet
1228 3982 1255 4032 in
