2788 4500
652 249 794 312 '18

185 467 205 508 a
238 443 347 528 regula
379 441 584 527 disciplinae:
620 443 663 506 48
695 439 784 524 (249)
821 467 878 529 age
914 448 986 524 iam,
1022 450 1049 510 si
1075 450 1129 532 qui
1151 448 1352 534 philosophus

173 549 330 615 adfirmet
372 549 532 612 hominem
562 549 629 612 fieri
662 572 702 613 ex
726 550 823 629 mulo,
854 552 1016 616 colubram
1041 575 1080 617 ex
1103 554 1244 633 muliere,
1270 562 1302 618 et
1325 557 1371 616 iu'

151 707 154 712 .
186 680 257 721 eam
292 658 473 741 opinionem
506 650 612 718 omnia
645 665 829 738 argumenta
864 658 981 743 eloquii
1002 641 1134 724 ''virtute
1169 659 1353 736 distorserit,

185 785 290 828 nonne
314 784 505 826 eonsensum
528 763 665 827 maerebit
688 772 721 826 et
741 762 835 827 fidem
859 765 975 848 tappet
999 767 1093 830 etiam
1117 765 1157 830 ab
1170 767 1353 832 animalibus

186 869 391 935 abstinendi?
426 866 538 948 (Vide
551 892 632 954 quae
657 892 718 934 van
744 869 801 933 der
823 870 931 938 Vliet:
957 870 1048 936 Stud.
1064 872 1164 938 ‚Eool
1188 873 1215 936 I.
1238 896 1292 958 pg.
1317 876 1355 937 40

187 999 235 1061 sq.
260 976 299 1039 de
324 975 384 1039 hoo
408 975 479 1038 loeo
508 978 657 1060 scripsit.)
681 977 723 1039 48
748 973 838 1057 (250)
862 978 910 1040 At
932 981 1016 1043 enim
1044 979 1243 1044 Christianus
1268 983 1297 1044 si
1321 980 1371 1050 de,

186 1083 313 1146 homine
340 1083 499 1145 hominem
522 1084 690 1167 ipsumque
707 1082 747 1175 de
760 1082 843 1147 Gaio
859 1083 976 1148 Gaium
987 1086 1138 1150 reduoem
1149 1089 1355 1173 repromittat,

187 1189 345 1275 lapidibus
368 1191 479 1272 magis,
506 1211 564 1252 neo
588 1189 693 1254 saltim
714 1189 858 1252 coetibus
881 1214 900 1254 a
921 1193 1039 1276 populo
1063 1194 1208 1276 eripetar
1224 1190 1282 1272 (oi.
1295 1193 1355 1272 vld.

188 1296 290 1362 Vliet.
315 1294 361 1360 St.
386 1294 476 1359 Eoel.
500 1295 527 1357 Ι.
558 1318 610 1380 pg.
624 1297 666 1359 40
691 1292 763 1379 sa).

233 1403 442 1486 Iafirritiaas,
452 1404 599 1486 pendeas
611 1425 632 1466 a
640 1405 817 1486 praeterito
830 1409 980 1488 ternpore,
993 1407 1046 1470 lrr'e
1056 1407 1125 1470 r'lle'e
1137 1407 1175 1470 r'rr
1183 1409 1357 1490 praeterito

87 1509 88 1514 ’
188 1529 324 1593 qrroqrm-
350 1515 489 1591 tempore
507 1529 528 1571 a
554 1509 634 1572 Peri.
654 1509 804 1592 portitor,
830 1513 884 1595 qui
908 1533 983 1575 usus
1011 1515 1199 1578 attractione
1223 1513 1356 1598 quadam

188 1617 341 1701 explicari
365 1624 481 1700 potest.
510 1619 521 1654 ¹
548 1616 589 1678 25
615 1612 705 1696 (164)
727 1624 759 1680 et
786 1616 826 1703 ab
853 1617 998 1682 hostibus
1022 1641 1097 1704 ergo
1120 1622 1186 1683 suis
1203 1622 1357 1683 sustinent

189 1723 314 1787 adorari
349 1729 381 1786 et
414 1722 476 1784 illis
511 1723 677 1806 imperium
712 1725 779 1786 sine
811 1722 873 1787 fine
904 1724 1079 1789 desemunt
1100 1747 1234 1810 quonun
1260 1728 1357 1810 magis

123 1847 125 1850 ’
160 1809 162 1816 ¹
189 1831 319 1892 iniurias
356 1851 451 1913 quam
486 1827 681 1892 adolationes
717 1850 941 1895 rememorasse
973 1832 1168 1908 debaeraat;
1203 1832 1243 1895 37
1270 1829 1357 1912 (194)

190 1936 366 2002 Potm'rrras
401 1942 433 1998 et
458 1937 595 1998 inermes
619 1957 679 1999 neo
701 1935 847 2013 rebelles,
870 1937 928 2000 sed
951 1937 1170 2002 tantummodo
1195 1936 1358 2003 dissordes

192 2040 289 2106 solius
314 2041 443 2104 divortii
465 2039 587 2104 invidia
610 2041 763 2105 adversus
788 2064 846 2106 vos
868 2045 1048 2108 dimicasse.

326 2358 393 2424 DE
428 2357 733 2426 mmcnmvo
768 2359 834 2425 ΕΤ
869 2359 1229 2428 SUBIUNO'HVO.
1287 2344 1290 2348 ’

1370 2477 1371 2524 ᾖ

239 2539 447 2603 ladieata'oas
471 2560 535 2622 pro
557 2539 765 2603 subarmalem
789 2540 826 2602 ia
848 2541 948 2604 altero
968 2540 1152 2617 enuntiate,
1172 2561 1364 2623 praeyressu

201 2644 266 2724 „si”
289 2646 457 2730 partieala
479 2645 517 2707 r'a
537 2645 649 2728 priore
667 2666 742 2708 rara
754 2645 990 2710 restaurator
1016 2647 1032 2708 1
1050 2644 1095 2727 (7)
1111 2645 1196 2731 quod
1207 2637 1371 2731 sisaiaall

194 2752 300 2816 odisse
332 2775 395 2816 non
420 2757 590 2836 poleraai;
616 2753 655 2815 11
682 2749 749 2833 (63)
774 2759 914 2816 aeterum
936 2752 1083 2816 sinemo
1107 2758 1186 2816 esset
1209 2754 1265 2836 qui
1291 2741 1371 2822 deosl

195 2859 327 2936 faceret·
350 2859 468 2932 frustra
487 2859 703 2941 praesanatis
726 2858 803 2922 deos
827 2857 931 2922 laetos
955 2857 1130 2923 auterendo
1152 2857 1314 2922 faetorem
1334 2858 1367 2939 (si

194 2987 286 3028 nemo
311 2971 356 3028 est
377 2967 432 3049 qui
452 2962 559 3044 Fuld.)
587 2966 626 3027 13
649 2963 725 3046 (73),
739 2965 829 3028 Deus
852 2987 916 3028 non
940 2970 1009 3028 erat
1031 2987 1127 3048 parem
1151 2962 1252 3043 (=sa'
1279 2963 1371 3044 eundi

194 3071 289 3135 homo
313 3072 476 3136 consultus
499 3071 658 3135 saltasset
685 3079 716 3135 et
737 3071 875 3135 nolendo
894 3073 1090 3135 damnasset.
1105 3072 1147 3134 38
1162 3067 1252 3152 (180)
1266 3069 1371 3156 πηίου(

195 3184 264 3241 erat
296 3179 323 3240 si
358 3185 433 3242 tuno
473 3177 552 3240 deus
577 3177 746 3242 diseretor.
772 3178 814 3241 40
838 3176 928 3258 (215)
952 3185 1093 3242 aeterum
1115 3178 1147 3240 ss'
1168 3170 1371 3264 reqar'sissell

193 3284 387 3366 sequebatur
420 3291 455 3346 ut
490 3291 699 3366 cognosceret
732 3285 929 3369 requisitum.
966 3283 1158 3368 Exemplum
1193 3279 1371 3368 partioulud

199 3389 308 3468 „oum”
346 3411 550 3476 praegressae
585 3391 764 3453 invenimus
798 3387 909 3480 7,(39)
934 3393 1005 3474 quis
1028 3391 1105 3454 talia
1127 3391 1274 3454 facinora
1300 3345 1371 3460 carrd

194 3497 381 3574 iaeearfsset,
404 3498 518 3560 celavit
543 3503 598 3560 aut
621 3497 766 3559 rreadidit
786 3498 873 3581 ipsos
898 3496 1026 3560 trahens
1055 3496 1209 3560 homines.
1236 3495 1359 3561 Insolit

196 3626 322 3688 quoque
346 3605 467 3667 ratione
491 3604 644 3688 seriptum
660 3602 792 3686 legimus
808 3603 848 3666 16
863 3600 932 3683 (88)
945 3610 977 3666 et
988 3605 1098 3687 utique
1110 3604 1141 3666 sr'
1151 3602 1185 3666 id
1196 3605 1367 3668 solabatur

197 3708 283 3793 quod
317 3708 423 3791 aliqua
459 3706 563 3791 effigie
586 3707 891 3793 repraesentabatur,
918 3731 1074 3793 nusquam
1098 3711 1198 3793 magis
1223 3733 1328 3794 quam
1348 3707 1371 3773 il

196 3816 334 3878 sacrario
358 3837 415 3878 suo
439 3815 649 3878 exhiberetur.
672 3849 713 3858 -

235 3987 374 4041 ι11004011
393 3988 428 4041 It.
448 4005 474 4041 u.
494 3989 529 4042 V.
550 4006 594 4058 pg.
614 3989 674 4041 431.
695 3987 738 4040 3b.

237 4083 246 4110 ⁹
269 4075 381 4128 Kelhrer
400 4075 471 4144 Sprl.
492 4075 553 4144 Eig.
574 4076 605 4129 T.
