2808 4492
669 182 730 245 107

155 371 308 439 directo
331 401 374 428 =
397 377 540 458 aperte
571 379 613 441 23
645 375 734 458 (147)
762 380 807 441 ita
831 385 862 441 et
885 379 938 441 isti
962 397 1042 460 quos
1067 373 1185 438 directo
1209 373 1286 438 dae-

107 502 219 544 monas
253 485 354 546 ncstis
388 505 453 547 non
487 484 642 549 auderent
667 485 743 549 alibi
767 506 825 571 pro
848 483 917 549 deis
942 504 1035 568 agere
1060 503 1130 565 sqq.
1156 478 1286 560 (directe

107 587 278 652 daemones
300 589 428 673 Lugdd.
452 589 542 672 Erlz).
624 659 627 666 ,
1219 651 1222 656 .

152 690 326 774 ingrata
355 721 398 750 =
427 696 603 772 ἀκουσίως,
634 696 763 762 invite
786 700 806 761 4
832 694 900 778 (23)
924 706 961 759 ut
984 705 1038 760 aut
1058 694 1137 758 nihil
1160 692 1287 757 dicatur

108 801 345 865 retractandum
380 825 450 867 esse
483 813 557 890 post
579 806 678 888 leges
693 813 748 869 aut
770 805 914 888 inpactis
938 804 1115 867 necessitas
1138 801 1283 885 obsequii
1376 866 1379 872 ,

108 907 308 990 praeferatur
342 912 487 987 veritati;
524 912 565 975 27
602 910 692 994 (168)
718 910 864 996 Iuprute‘s
897 911 1091 986 resistimus;
1125 893 1167 971 48'
1191 903 1284 988 (255)

109 1015 251 1095 e'npmtt's
275 1017 447 1100 experieris
471 1017 664 1082 conditionis
688 1027 761 1082 tuae
785 1019 898 1103 legem.
1333 1079 1341 1096 ,

154 1115 350 1199 impresse
372 1147 415 1176 =
438 1122 631 1204 graviter,
662 1122 792 1202 valde,
822 1121 1003 1205 perfecte
1032 1121 1072 1184 18
1101 1116 1192 1199 (100)
1218 1118 1284 1183 Sed

108 1246 173 1308 quc
206 1226 330 1310 plenius
354 1237 386 1292 et
408 1230 603 1312 impressius
626 1238 692 1295 tam
715 1233 820 1316 ipsum
845 1253 939 1315 quam
962 1227 1189 1313 dispositiones
1214 1227 1285 1289 eius

107 1329 269 1396 adiremus
292 1355 361 1418 sqq.

155 1437 396 1519 templatim,
419 1438 586 1507 vicatim
611 1439 665 1524 (ε
675 1464 738 1526 per
755 1440 851 1524 vicos)
870 1445 881 1481 ¹
902 1443 1107 1505 inveniuntur
1119 1462 1168 1524 ap.
1193 1437 1283 1502 Tert.

110 1545 155 1606 42
178 1542 268 1623 (224)
293 1545 374 1610 Cum
397 1549 523 1612 interim
536 1550 616 1635 -plus
641 1557 750 1614 nostra
773 1546 991 1612 misericordia
1005 1547 1137 1610 insumit
1149 1545 1283 1609 uicatim

12 1641 18 1663 ⁸
111 1671 207 1732 quam
231 1661 338 1716 vestra
360 1655 471 1739 religio
496 1656 686 1739 templatim.

155 1753 271 1822 Adeo
283 1758 498 1825 Tertullianeo
511 1764 649 1826 sermoni
661 1761 816 1826 familiare
829 1769 887 1825 est.
902 1763 915 1800 ²
932 1760 1111 1827 Videamus
1122 1757 1284 1844 quomodo

107 1861 198 1926 Tert.
211 1863 271 1928 hac
284 1867 439 1950 particula
462 1869 663 1954 usurpaverit
678 1876 711 1932 et
725 1871 796 1953 ipsa
808 1869 1014 1953 inspiciamus
1028 1865 1183 1951 exempla.
1200 1866 1215 1928 1
1231 1862 1278 1945 (7)

109 1969 242 2035 Malunt
264 1974 397 2052 nescire,
422 1977 497 2058 quia
518 1977 582 2038 iam
605 1974 756 2051 oderunt;
780 1977 857 2039 adeo
883 1973 968 2059 quod
991 1975 1136 2038 nesciant
1151 1974 1279 2057 praeiu-

106 2075 223 2139 dicant
246 2076 278 2140 id
302 2099 373 2142 esse
397 2079 492 2163 quod,
518 2082 545 2144 si
569 2083 680 2160 sciant,
706 2081 812 2146 odisse
835 2103 900 2144 non
923 2080 1187 2165 poterantsqq.4
1212 2076 1282 2158 (22)

106 2183 217 2264 Atque
228 2185 401 2268 udecquasi
413 2187 576 2272 praefatus
589 2187 668 2252 haee
692 2187 733 2254 ad
744 2187 975 2271 suggillandam
986 2185 1050 2250 odii
1060 2207 1134 2269 ergo
1150 2206 1209 2248 nos
1222 2207 1284 2270 pu·

106 2288 186 2352 blici
196 2291 395 2374 iniquitatem
408 2315 478 2378 sqq.
492 2290 601 2377 (utque
612 2296 689 2358 adeo
701 2296 881 2358 transitioni
890 2295 1025 2357 inservit
1036 2317 1078 2344 =
1088 2291 1179 2375 Belg.
1190 2287 1280 2372 dure.)

108 2395 151 2457 19
177 2392 267 2474 (106)
290 2395 389 2461 Solon
413 2398 516 2464 eidem
538 2402 606 2485 regi
628 2400 723 2464 finem
746 2402 858 2484 longae
882 2403 966 2464 vitae
990 2397 1178 2490 intuendum
1189 2419 1284 2482 prae-

105 2500 233 2564 dicavit
267 2525 330 2567 non
365 2505 457 2570 aliter
491 2528 585 2590 quam
618 2507 811 2592 prophetae;
836 2510 913 2571 adeo
936 2491 1053 2592 respidi
1077 2513 1191 2591 potest,
1216 2511 1282 2568 tarn

103 2611 178 2671 iura
200 2618 308 2674 vestra
331 2635 425 2695 quam
449 2613 555 2677 studia
578 2612 618 2678 de
641 2616 711 2698 lege
735 2614 838 2699 deque
862 2613 972 2678 divina
996 2612 1141 2696 doctrina
1164 2632 1282 2674 conce-

104 2715 207 2798 pisse.
238 2713 345 2796 (ude0:
369 2724 437 2782 tum
459 2719 721 2803 facete-intelteqi
739 2717 867 2803 potest.)
893 2721 934 2782 22
960 2718 1050 2802 (134)
1075 2719 1182 2801 Atque
1205 2719 1282 2781 adeo

103 2820 245 2886 dicimus
269 2845 340 2887 esse
364 2824 558 2889 substantias
583 2825 737 2910 quasdam
754 2826 922 2912 spiritales
936 2848 1006 2910 sqq.
1021 2822 1075 2906 (ε
1086 2824 1177 2909 Belg.
1190 2820 1283 2905 dau),

103 2929 150 2991 23
176 2925 267 3010 (147)
302 2931 390 2995 Adeo
424 2932 511 2996 nulla
545 2941 593 2996 est
627 2932 778 2996 divinitas
814 2935 884 3011 ista,
917 2955 1011 3017 quam
1041 2933 1176 3005 tenetis3
1201 2927 1282 3010 (taut

100 3136 323 3152 ——u

146 3298 155 3323 ¹
187 3298 222 3352 cf.
241 3298 276 3352 de
292 3299 345 3353 hcc
363 3299 506 3354 adverbio:
526 3301 561 3354 H.
580 3301 700 3355 Reusch:
720 3300 962 3371 Semasiolcgische
980 3300 1105 3369 Beitrtge
1117 3314 1180 3351 zum
1192 3298 1285 3352 Latei·

98 3387 219 3441 nischen
237 3387 421 3442 Wtrterbuch
440 3389 479 3443 11.
497 3407 542 3460 pg.
562 3390 605 3444 86.

144 3472 155 3501 ⁹
186 3475 230 3529 De
249 3476 275 3529 vi
293 3476 376 3530 huius
393 3478 551 3546 particulae,
570 3479 733 3543 transitioni,
752 3485 784 3533 ut
801 3478 897 3533 dieunt
916 3477 1095 3548 grammatici,
1105 3477 1285 3540 inservientis,

99 3573 136 3619 ut
155 3581 208 3618 nec
226 3565 363 3619 causalem
382 3567 521 3636 quandam
540 3568 596 3621 vim
614 3584 724 3637 prorsus
742 3567 878 3631 excludat,
898 3565 952 3619 vid.
964 3565 1097 3634 Spalding}
1106 3565 1142 3618 ad
1151 3565 1287 3631 Quinctil.

99 3654 177 3708 Inst.
197 3654 275 3708 Orat.
293 3655 362 3708 XII.
384 3656 425 3709 11.
446 3656 486 3710 16.
506 3657 600 3728 Hand:
619 3655 733 3709 ansell.
754 3657 777 3710 1.
796 3673 823 3725 p.
845 3656 902 3708 152.
922 3654 951 3718 3;
971 3654 1004 3722 K.
1016 3654 1091 3707 Sittl:
1104 3653 1282 3708 lolr.Versch.

97 3760 129 3812 p.
154 3740 206 3796 137
225 3741 304 3797 dicit:
323 3744 496 3797 ade0=tde0
514 3744 621 3798 kcmmt
640 3745 678 3796 im
697 3744 848 3813 Spatlatein
862 3742 1017 3812 fiberhaupt
1035 3759 1128 3796 vona.
1139 3742 1285 3796 Pauelcer's

97 3829 254 3884 subrelicta
278 3848 305 3900 p.
325 3831 367 3895 60,
387 3832 404 3884 2
421 3832 453 3886 B.
472 3833 570 3887 Victor
588 3833 646 3886 Vit.
665 3833 690 3886 3.
711 3833 734 3887 7.
749 3832 801 3896 ‚12;
821 3838 909 3886 zuerst
928 3830 993 3885 aber
1012 3831 1083 3885 wohl
1100 3831 1204 3885 Minue.
1224 3831 1286 3884 Fel.

100 3920 128 3973 6.
151 3918 186 3981 2;
205 3920 229 3972 7.
248 3920 277 3983 6;
299 3920 339 3973 16.
359 3921 388 3984 5;
408 3920 450 3974 34.
472 3921 520 3985 11;
539 3921 581 3975 36.
601 3921 632 3983 8;
652 3921 694 3974 37.
715 3921 738 3974 7.
962 3923 964 3930 ’

141 4005 188 4060 Of.
206 4006 365 4074 Koffmane:
383 4007 482 4062 Gesch.
500 4008 548 4062 des
566 4007 735 4062 Kirehenlat.
754 4025 799 4077 pg.
821 4008 878 4061 134.
