2808 4492
16 247 30 338 p
382 323 387 333 ι
624 228 676 290 91·
747 283 751 298 .

65 419 219 496 „sermo”‚
259 419 415 496 „dietum”
457 421 496 483 18
530 419 621 502 (103)
645 421 787 486 Hebraei
810 431 893 486 retro
918 425 972 507 qui
994 445 1079 487 nuno
1101 423 1227 486 ludaei.

59 526 164 610 Igitur
197 536 230 589 et
262 528 384 590 litterae
419 526 587 592 Hebraeae
622 537 654 592 et
687 529 852 611 eloquiam
861 551 875 608 ,·
898 530 940 592 23
965 526 1053 610 (141)
1077 528 1177 592 Porro
1201 533 1229 592 si

60 643 92 696 et
121 635 205 716 magi
228 633 448 717 phantasmata
471 632 570 697 edunt
593 620 710 698 etiam
733 634 957 699 defunctorum
980 633 1137 699 infamant
1159 636 1228 697 ani-

61 761 139 816 mas
162 741 203 802 si
238 762 352 824 pueros
384 743 416 802 in
446 741 611 822 eloquiam
633 742 752 805 oraculi
776 740 897 805 elidunt
920 750 995 805 oett.
1021 742 1063 804 48
1088 739 1176 822 (249)
1201 743 1228 803 si

61 847 116 928 qui
150 844 358 930 philosophus
394 844 545 924 adfirmet,
580 847 738 910 hominem
767 840 837 910 'fieri
873 869 912 911 ex
946 848 1042 928 mulo,
1067 846 1228 911 colubram

60 973 98 1013 ex
134 952 275 1029 muliere,
311 959 343 1016 et
376 954 408 1014 in
444 975 513 1016 eam
548 954 729 1036 opinionem
764 955 869 1017 omnia
904 961 1088 1037 argumenta
1111 954 1230 1037 eloquii

59 1059 177 1120 virtute
212 1053 401 1121 distorserit
423 1066 498 1121 cett.
528 1061 539 1098 ¹
574 1041 631 1132 lei.
668 1058 709 1122 de
744 1067 811 1123 toto
846 1060 908 1124 hoc
931 1060 1002 1123 looo
1025 1081 1056 1122 v.
1081 1056 1112 1121 d.
1138 1055 1229 1121 Vliet

59 1163 151 1227 stud.
176 1163 266 1226 Eool.
292 1185 343 1248 pg.
369 1163 411 1235 40
436 1167 496 1247 sq.)
543 1202 548 1211 ·
1247 1157 1253 1162 ’

99 1270 142 1333 In
177 1272 339 1333 nominum
369 1272 402 1332 in
427 1305 467 1312 -
492 1292 555 1334 aro
578 1273 760 1334 exeuntium
785 1294 846 1334 usu
868 1271 1058 1334 insolentius
1082 1277 1228 1332 versatus

58 1386 106 1440 est
141 1376 366 1453 Tertullianus,
401 1377 560 1440 nonnullis
595 1375 770 1440 attribuens
806 1379 873 1440 vim
906 1385 1089 1440 concretam
1119 1383 1230 1438 eontra

59 1492 205 1546 naturam
226 1484 456 1545 terminationis
479 1485 637 1546 actionem
660 1481 820 1566 quandam
835 1483 1051 1567 significantis
1066 1479 1119 1545 Sie
1131 1502 1229 1546 voea-

59 1588 171 1652 bulum
204 1589 369 1672 scriptura
393 1589 476 1675 apud
501 1607 571 1654 eum
595 1590 672 1653 nihil
696 1589 782 1674 aliud
806 1590 962 1674 signifieat
985 1592 1048 1653 nisi
1070 1589 1231 1672 seriptum

16 1669 21 1750 l
60 1696 102 1757 20
139 1691 229 1776 (113)
263 1695 341 1758 Plus
374 1698 436 1758 iam
470 1694 632 1760 offerimus
668 1719 725 1781 pro
748 1698 814 1760 ista
833 1695 1009 1760 dilatione:
1033 1697 1230 1759 maiestatem

58 1801 315 1884 smiptreraram,
343 1803 371 1863 si
394 1823 459 1864 non
480 1799 638 1864 vetustate
661 1801 787 1865 divinas
813 1801 993 1886 probamus
1019 1802 1046 1864 si
1069 1800 1233 1865 dubitatur

60 1909 246 1990 antiquitas.
282 1908 449 1970 Paratum
482 1909 802 1972 aotritiola=novum
825 1915 1050 1971 testamentum
1073 1906 1114 1968 47
1140 1903 1230 1985 (246)

60 2013 112 2076 Ex
150 2012 262 2076 horum
297 2015 416 2077 semine
440 2015 535 2077 etiam
558 2023 697 2076 nostram
720 2013 802 2077 hano
825 2013 1014 2077 novitiolam
1033 2017 1232 2094 paratu-ram

60 2121 123 2183 viri
144 2118 280 2202 quidam
303 2121 369 2182 suis
393 2119 594 2204 opinionibus
618 2119 659 2183 ad
682 2119 919 2205 philosophicas
945 2119 1117 2181 sententias
1141 2117 1232 2180 adul-

60 2222 293 2289 teraverunt.²

34 2317 38 2324 ’
108 2331 288 2413 Inpeaiam
326 2353 383 2416 pro
417 2354 450 2395 re
484 2333 647 2416 ingeniose
681 2329 887 2415 excogitata³
924 2334 941 2397 7
976 2329 1043 2412 (42)
1081 2338 1117 2394 ut
1139 2352 1232 2394 nemo

59 2439 230 2520 recogitet,
264 2459 303 2500 ne
342 2439 477 2522 primum
510 2436 589 2501 illud
624 2460 659 2501 os
683 2437 884 2502 mendacium
908 2439 1121 2512 seminaverit,
1147 2436 1232 2520 quod

58 2565 160 2629 saepe
213 2543 256 2634 fit
299 2552 353 2606 aut
404 2543 535 2627 inpendo
579 2544 799 2607 aemulationis
847 2551 922 2608 oett.
970 2545 1011 2606 22
1055 2539 1146 2622 (139)
1191 2542 1231 2605 In

58 2649 200 2713 oraculis
236 2658 341 2712 autem
376 2671 439 2732 quo
473 2649 605 2732 inpendo
638 2645 736 2731 (qaod
768 2650 900 2732 tripertio
930 2648 1023 2732 Lugd
1046 2647 1084 2712 II
1109 2650 1233 2722 vitiose)

58 2756 288 2840 ambiguitates
312 2758 545 2841 temperentia
569 2765 701 2820 eventus
726 2757 831 2820 sciunt
855 2755 977 2831 Croesi,
990 2757 1097 2819 seiunt
1108 2754 1232 2838 Pyrrhi.

101 2982 177 3036 ’Λᾶ
202 2983 269 3036 Nat.
297 2983 321 3036 Ι.
348 2982 466 3050 4·(279)
489 2983 559 3036 Cum
588 2983 616 3034 in
644 2999 739 3046 mores,
768 2982 844 3046 ritus,
864 2981 954 3035 cultus
972 2981 1114 3050 vietusque
1132 2984 1235 3034 vestros

55 3065 157 3143 palam
176 3089 207 3125 ae
225 3071 334 3141 publice
353 3089 462 3126 omnem
479 3071 580 3140 eloquii
597 3071 808 3125 amaritudinem
826 3071 948 3124 elatrent.

96 3158 148 3213 Ad
176 3160 240 3213 Nat.
269 3160 309 3214 Π,
336 3160 354 3212 4
381 3159 454 3228 (345)
480 3159 555 3226 Quid
580 3159 679 3230 probat
697 3164 775 3212 tanta
793 3158 1012 3228 praesumptione
1031 3157 1236 3211 asseverationis

55 3251 154 3304 otium
173 3249 315 3303 affectatae
332 3249 497 3302 morositatis
515 3249 615 3316 eloquii
632 3247 747 3302 artifieio
764 3247 953 3301 adamatum?

101 3334 112 3362 ¹
133 3336 177 3390 Cf.
205 3337 239 3394 de
257 3337 331 3390 hisee
348 3335 487 3390 vocabulis
506 3336 599 3390 in-ura
616 3335 779 3390 exeuntibus
797 3335 833 3388 ad
851 3335 929 3388 Natt.
949 3334 989 3388 ΙΙ.
1010 3335 1042 3387 12
1055 3334 1191 3402 (genitura
1203 3354 1236 3378 =

55 3424 217 3493 saeculum)
236 3426 358 3490 Decima,
378 3426 474 3495 inquit,
491 3425 618 3492 penitere
635 3424 779 3478 hominum
796 3441 830 3476 ex
843 3440 897 3492 quo
910 3421 1089 3490 cataclysmos
1101 3419 1237 3490 prioribus

54 3513 176 3578 accidit,
195 3515 318 3584 regnavit
336 3513 479 3568 Saturnus.
1236 3554 1239 3559 .

100 3601 113 3628 ⁸
134 3602 179 3656 Cf.
207 3602 243 3656 ad
264 3602 342 3656 Natt.
371 3602 394 3656 I.
414 3603 429 3655 7
448 3602 521 3670 (285)
541 3623 573 3647 =
593 3602 646 3671 Ap.
665 3603 680 3656 7
700 3601 763 3669 (42).
782 3601 855 3655 Vide
874 3617 954 3670 porro
972 3599 995 3652 Ι.
1015 3599 1031 3652 8
1050 3599 1123 3664 (292)
1141 3598 1235 3651 Psam-

56 3691 203 3750 metichus
229 3690 341 3761 quidem
367 3692 475 3760 putavit
502 3691 583 3744 inisse
610 3691 719 3758 iapear'o
746 3689 902 3761 exploratus
929 3689 967 3742 sio
989 3688 1023 3742 de
1041 3687 1237 3758 primogenitis.

57 3787 81 3840 Ι.
117 3783 159 3836 16
184 3781 259 3848 (317)
287 3781 410 3835 Ventura
437 3785 478 3833 est
505 3780 540 3834 ad
558 3780 654 3833 horam
673 3772 845 3833 luoernarum
863 3785 891 3833 et
909 3779 1039 3832 caninum
1056 3778 1239 3831 ministerium

55 3883 85 3931 et
107 3871 227 3941 anaema
245 3870 426 3925 tenebrarum.
446 3869 485 3923 ΙΙ.
508 3869 540 3922 12
559 3869 631 3933 (379)
650 3869 714 3922 Hoo
732 3868 841 3937 tripertio
860 3867 908 3921 diu
927 3885 1037 3922 securus
1054 3867 1166 3921 tandem
1177 3865 1235 3918 filio

54 3976 205 4034 regnoque
231 3960 355 4030 privatus
382 3965 431 4012 est.
459 3958 498 4011 II.
520 3958 552 4011 14
571 3957 643 4021 (393)
662 3957 709 4026 qui
728 3973 817 4026 pauca
834 3957 1016 4026 experientiae
1034 3955 1146 4024 inperiis
1163 3970 1237 4008 com-

55 4055 180 4108 mentus
197 4047 339 4102 dicebatur
357 4053 480 4102 mortuos
498 4045 534 4099 ad
553 4046 637 4098 vitam
657 4061 802 4098 recurasse.
