2808 4492
16 259 38 310 ‚
661 198 703 260 85

92 389 238 450 omnium
261 390 436 452 animarum
457 391 649 455 animatore.
673 388 841 472 (animator
866 386 900 470 (A
919 387 1228 470 d?);animationoa
1246 387 1266 452 ¹.
1305 459 1307 465 Α

139 492 247 556 Multo
276 493 436 579 profusior
458 519 495 560 ac
520 496 677 582 prioribus
701 496 901 561 libidinosior
922 495 1136 558 Tertullianus
1160 504 1268 558 noster

91 599 126 660 in
151 597 214 663 hoc
237 599 350 664 audaci
374 623 435 664 usu
458 610 516 680 est,
540 625 604 685 qao
622 604 690 667 otio
702 601 1041 686 qooqoesabstoratioo
1052 600 1267 665 substantivis

89 705 262 786 applicato
295 707 529 772 adieetioormm
563 730 697 773 mamere
731 731 768 773 oc
798 709 865 772 oiee
899 708 1091 791 foapootar
1105 703 1128 770 2.
1154 709 1173 770 9
1198 703 1266 788 (57)

95 810 260 887 „Quidam
294 811 393 877 multo
428 817 603 879 securiores
639 824 739 880 totam
773 818 839 880 vim
873 815 967 879 huius
1003 815 1117 877 erroris
1140 815 1267 897 cirpirre
1307 853 1310 858 ·

89 918 298 981 continentia
332 919 506 1004 depellunt,
540 943 630 985 serres
662 921 790 1005 paeri.”
833 920 1043 984 beatricem
1077 920 1166 1002 oirpo
1189 919 1220 998 h,
1244 920 1264 984 l.

89 1022 180 1086 idem
216 1025 373 1107 significat
401 1026 503 1109 quod:
527 1028 730 1092 eomtimeatio
753 1029 918 1111 cimicem
940 1047 1037 1090 semea
1058 1046 1142 1108 puer
1164 1025 1204 1089 de
1228 1047 1266 1090 eo

89 1127 221 1207 dicitur,
247 1132 300 1215 qui
325 1132 489 1216 usquead
514 1141 710 1198 senectutem
722 1136 937 1218 virginitatem
950 1134 1091 1196 servavit
1102 1133 1265 1218 puerilem.

91 1232 251 1316 (Vr'rpiree
274 1236 444 1302 ABEGef.
469 1238 576 1309 Oxou.
593 1239 734 1306 Vindob.
749 1239 821 1304 libri
833 1239 966 1304 Pamelii
979 1260 1101 1314 omnes;
1119 1239 1267 1321 oirpirteo

92 1338 243 1422 F(i)abo;
267 1344 392 1426 oirpimi
425 1345 476 1422 D;
512 1347 653 1429 oirpirris
686 1343 849 1420 Ε111111.)8
884 1346 926 1408 39
960 1342 1014 1426 (Ο.
1047 1343 1075 1407 Ι.
1102 1343 1265 1423 264.4)Ο

133 1548 140 1574 ¹
161 1551 196 1604 cf.
215 1567 296 1620 porro
313 1551 348 1606 de
366 1553 426 1606 Cor.
447 1553 463 1606 9
482 1553 526 1621 (O.
546 1554 569 1608 Ι.
589 1571 615 1623 p.
635 1554 699 1616 431)
718 1560 750 1606 ut
768 1552 803 1606 ab
823 1553 882 1622 ipso
900 1551 952 1606 deo
970 1551 1265 1621 inspiratacredantur,

12 1653 22 1718 )
88 1638 182 1706 priore
205 1645 371 1708 prospectore
398 1646 422 1694 et
448 1642 609 1695 imstmectore
635 1647 659 1694 et
685 1642 845 1706 oblectatore,
873 1641 896 1692 si
915 1640 991 1704 forte,
1010 1639 1129 1694 hominis
1147 1641 1190 1693 sui
1208 1658 1266 1710 sqq.

12 1745 13 1754 ¹
88 1726 229 1794 (propiore
255 1729 443 1798 prospectione
461 1735 488 1782 et
506 1730 684 1784 instructione
702 1735 730 1784 et
748 1729 929 1784 oblectatione
947 1727 1042 1796 BOD.)
1060 1727 1094 1782 de
1112 1728 1214 1782 Anima
1232 1729 1267 1782 42

89 1814 138 1881 (0.
167 1815 206 1868 II.
230 1833 256 1885 p.
277 1816 339 1885 623)
359 1817 465 1883 Quodsi
482 1818 600 1872 hominis
618 1803 665 1872 est
676 1798 869 1889 pati'mortem
887 1817 1084 1870 dissolutricem
1102 1817 1221 1886 corporis
1239 1823 1267 1870 et

83 1905 295 1972 peremptricem
321 1922 424 1960 sensus.
453 1906 496 1974 (=
524 1925 594 1977 quae
618 1907 741 1962 dissolvit
759 1910 819 1971 etc.)
845 1905 879 1958 de
897 1905 951 1959 An.
969 1905 1004 1958 43
1024 1904 1069 1973 (Ο,
1088 1905 1128 1960 ΙΙ.
1147 1922 1173 1974 p.
1193 1905 1264 1968 625).

89 1992 179 2045 Porro
197 2009 324 2046 somnum
342 1995 414 2048 ratio
433 1996 528 2064 praeit,
547 2002 605 2048 tam
624 2001 728 2066 aptum,
748 2001 806 2049 tam
824 1995 928 2058 utilem,
948 1999 1004 2048 tam
1024 1994 1213 2058 necessarium,
1233 1999 1265 2047 ut

88 2079 196 2150 absque
222 2080 270 2135 illo
297 2081 374 2135 nulla
402 2083 495 2136 anima
520 2085 644 2149 sufficiat,
667 2089 840 2137 recreatorem
858 2098 1011 2152 corporum,
1030 2082 1265 2150 redinteyrotorem

87 2169 198 2233 virium,
222 2169 392 2237 probatorem
414 2171 611 2236 valetudinum,
628 2178 782 2241 pacatorem
800 2189 922 2242 operum.
941 2169 976 2224 de
994 2170 1055 2224 Gor.
1074 2171 1092 2223 4
1111 2170 1155 2238 (O.
1175 2170 1198 2223 Ι.
1218 2187 1262 2240 pg.

85 2256 154 2325 424)
181 2257 303 2312 Traditio
330 2257 381 2312 tibi
400 2260 594 2328 praetendetur
612 2261 728 2328 oretria,
747 2258 916 2315 consuetudo
933 2259 1131 2327 confirmatrice,
1150 2265 1178 2312 et
1195 2258 1263 2313 fides

85 2347 261 2400 obse-catria.
289 2345 324 2400 de
350 2347 493 2416 Baptismo
521 2349 537 2402 3
565 2347 610 2416 (Ο.
632 2349 656 2402 Ι.
674 2367 701 2424 p.
720 2348 793 2417 622.)
819 2347 894 2416 Quid
912 2347 986 2418 quod
1005 2346 1103 2401 exinde
1120 2346 1263 2416 dispositio

85 2433 187 2487 mundi
204 2435 430 2488 modulatricibas
449 2436 652 2506 quodammodo
669 2437 750 2506 aquis
768 2437 819 2492 deo
837 2437 969 2492 consistit.
987 2436 1030 2490 De
1049 2436 1209 2490 Idololatria
1227 2435 1261 2489 23

85 2524 132 2582 10.
157 2523 181 2576 Ι.
199 2526 228 2592 p.
248 2522 309 2590 106)
328 2541 363 2578 ne
381 2524 444 2578 illae
463 2525 565 2578 litterae
583 2526 864 2594 mpetriees·vica1iae
882 2526 935 2580 oris
953 2525 1039 2579 nestri
1057 2525 1086 2577 in
1104 2523 1148 2577 die
1167 2523 1261 2578 iudicii

29 2637 36 2652 ·
84 2611 217 2665 adversus
235 2629 284 2666 nos
303 2613 477 2682 proferantur
495 2615 617 2684 signatae
635 2615 726 2684 signis.
745 2613 816 2669 Adv.
835 2615 1004 2668 Marcionem
1022 2613 1045 2666 Ι,
1065 2614 1099 2668 29
1118 2612 1259 2682 (0.11.p.

85 2699 143 2767 83.)
170 2700 234 2754 Non
256 2701 307 2754 erit
325 2702 471 2756 immanior
488 2703 594 2756 duritia
612 2702 762 2756 Pharaonis
781 2703 951 2756 nascentium
969 2700 1109 2756 encratitis.
1146 2701 1190 2754 De
1208 2700 1259 2753 Pa-

83 2789 183 2841 tientia
201 2789 219 2841 4
238 2788 282 2856 (Ο.
301 2790 325 2842 Ι.
344 2808 370 2860 p.
391 2791 452 2844 593.
473 2791 516 2859 13)
545 2792 582 2844 Et
599 2796 691 2844 tamen
709 2808 759 2845 nos
777 2808 832 2844 non
851 2790 885 2844 de
902 2789 1060 2845 hominibus
1078 2789 1161 2844 modo
1178 2789 1259 2843 servi-

81 2883 144 2930 tute
162 2868 286 2931 subnixis
304 2879 348 2932 vel
365 2879 489 2948 quolibet
506 2880 560 2934 alio
579 2880 637 2933 iure
654 2879 815 2933 debitoribus
833 2878 956 2950 obsequii
973 2885 1023 2932 etc.

118 2965 155 3020 ci.
173 2966 359 3034 Noepdsboeb.
379 2968 440 3022 Lat.
461 2969 588 3024 Stilistik.

173 3053 333 3123 Heerwopea
351 3055 387 3110 ad
406 3057 466 3111 Liv.
485 3057 568 3123 XXI,
586 3058 630 3122 40,
651 3058 692 3111 11.
711 3086 745 3094 —

121 3139 185 3196 ’ct
206 3143 328 3197 Schmidt
349 3145 569 3209 „Commentatio
586 3144 621 3200 de
639 3145 776 3199 latinitate
793 3145 865 3199 Tert.
885 3145 908 3197 I.
928 3162 955 3215 p.
977 3145 1009 3198 12
1028 3151 1056 3198 et
1075 3145 1115 3198 13.

120 3228 184 3285 'de
210 3232 264 3285 An.
295 3233 326 3286 19
350 3232 396 3301 (O.
423 3233 462 3288 ΙΙ.
482 3251 509 3304 p.
529 3235 589 3288 587.
611 3234 747 3303 12).le
766 3241 807 3288 est
825 3230 899 3304 quod
917 3234 951 3288 de
969 3240 1115 3304 prospectu
1132 3233 1256 3287 lacrima-

77 3319 144 3373 bilis
168 3320 241 3374 vitae
259 3319 373 3390 quidam
392 3339 523 3390 amparem
541 3323 772 3376 imcomomdormm
790 3339 877 3375 oocem
895 3322 972 3375 illam
989 3320 1108 3374 flebilem
1126 3322 1255 3391 interpre-

76 3415 178 3462 tantur
204 3412 247 3472 t:
274 3427 344 3480 quae
373 3417 526 3480 augiuatur
552 3411 752 3479 incommoda);
770 3411 804 3465 de
822 3411 933 3464 Testim.
948 3410 1064 3464 Animae
1084 3412 1100 3463 5
1119 3409 1164 3477 (O.
1183 3411 1207 3464 I.
1226 3427 1252 3480 p.

75 3498 142 3552 409.
164 3496 217 3565 13.)
236 3497 368 3568 Recogita
390 3499 417 3552 in
437 3500 583 3569 praesagiis
601 3505 693 3564 catera,
713 3501 741 3552 in
760 3498 898 3554 ominibus
916 3515 1046 3566 caperem
1065 3498 1093 3550 in
1111 3498 1253 3552 eventibus

70 3585 230 3654 prospicem
249 3585 292 3653 (ς
311 3588 358 3657 qui
377 3587 536 3658 prospicit);
554 3587 588 3641 de
607 3587 855 3658 Spectaculisbffl.
866 3587 890 3652 I,
900 3605 926 3657 p.
937 3588 979 3640 25.
992 3586 1035 3654 10)
1044 3587 1254 3656 Ipdosecrlsr'o

73 3681 238 3728 transversos
256 3674 283 3727 in
302 3675 414 3729 Etruria
432 3675 583 3730 consedisse
601 3677 727 3730 Timaeus
745 3676 828 3730 refert
838 3695 845 3740 ;
863 3675 897 3728 de
915 3674 1077 3745 Virginibus
1095 3675 1217 3730 velandis
1236 3678 1252 3731 9

74 3763 122 3828 (0.
141 3763 165 3818 Ι.
180 3763 281 3833 paro.
302 3765 343 3829 13)
372 3764 444 3832 eirpo
468 3765 571 3832 oidao;
599 3763 665 3819 ibid.
696 3766 728 3819 10
746 3764 790 3833 (O.
809 3765 832 3818 I.
852 3782 878 3834 p.
898 3765 958 3819 897.
977 3764 1004 3833 8)
1023 3764 1080 3817 oiri
1096 3771 1189 3820 autem
1211 3771 1253 3821 tot

73 3851 218 3919 cirpirres,·
235 3851 270 3905 de
287 3853 388 3906 ieiunio
405 3852 466 3907 adv.
486 3852 633 3926 Psychicos
651 3852 723 3920 6(0.
734 3853 758 3906 Ι.
771 3869 798 3922 p.
808 3852 869 3906 859.
881 3853 906 3921 l)
916 3853 981 3923 ipsa
989 3858 1089 3908 natura
1097 3855 1253 3909 enuntiabit

70 3939 171 4010 quales
189 3955 240 3993 nos
258 3945 321 3994 ante
334 3941 468 4011 pabulum
481 3948 509 3995 et
524 3946 621 4011 potum
630 3942 659 3993 in
669 3941 772 4008 oirpioe
781 3939 871 3994 adhuc
880 3941 968 3995 salica
980 3941 1107 3995 exhibere
1116 3944 1253 3997 consuerit

10 4079 12 4108 r
71 4028 157 4083 rebus
186 4027 334 4083 dumtaxat
360 4047 442 4084 sensu
469 4029 581 4100 agendis
609 4029 636 4096 (i.
656 4046 679 4083 a.
698 4045 762 4082 cum
780 4029 866 4083 saliva
884 4036 977 4083 nostra
994 4029 1085 4083 adhuc
1103 4047 1120 4083 a
1138 4035 1206 4100 potu
1225 4037 1253 4084 et
