2788 4500
641 228 681 291 57

70 411 164 498 (202)
198 421 361 504 sanguinis
396 443 512 486 nomen
541 424 579 486 de
601 421 770 488 affectione
794 424 975 489 simulatum
999 433 1058 489 est.
1083 426 1124 490 39
1151 420 1246 507 (208)

53 521 152 586 'Post
185 546 299 609 aquam
332 529 510 606 manualem
541 537 574 594 et
607 530 735 606 lumina,
770 537 806 593 ut
840 532 974 615 quisque
1009 533 1046 595 de
1077 533 1242 617 scripturis

69 631 191 694 sanctis
229 632 282 696 vel
315 635 353 697 de
386 637 515 721 proprio
542 638 670 722 ingenio
692 644 809 722 potest,
833 645 1027 722 provocatur
1048 639 1082 700 in
1103 635 1244 701 medium
1352 714 1361 727 ⁸

69 733 133 799 deo
166 748 290 803 canere.
326 740 370 804 44
404 737 496 823 (227)
531 742 581 806 De
614 745 730 807 vestris
765 764 891 829 semper
917 751 1041 807 aestuat
1063 765 1182 820 carcer,
1206 744 1244 807 dc

69 844 187 907 vestris
222 865 349 931 semper
384 849 512 913 metalla
547 851 717 935 suspirant,
752 851 790 914 de
823 851 940 914 vestris
976 871 1101 935 semper
1123 848 1244 914 bestiae

69 950 265 1032 saginantur,
300 953 337 1017 de
364 955 479 1018 vestris
503 977 629 1041 semper
650 957 820 1020 munerarii
844 958 1010 1020 noxiorum
1032 978 1144 1040 greges
1168 977 1244 1041 pas-

66 1063 158 1119 cunt.
183 1057 226 1121 46
251 1055 343 1148 (233)
367 1082 426 1125 cur
447 1083 523 1146 ergo
547 1061 662 1147 quibus
682 1083 904 1149 comparamur
925 1063 963 1126 da
986 1059 1177 1148 disciplina?
1199 1063 1242 1125 46

68 1157 162 1243 (235)
186 1185 291 1249 neque
312 1167 350 1230 da
373 1168 508 1232 scientia
530 1190 633 1253 neque
656 1170 694 1232 de
716 1168 895 1255 disciplina,
919 1176 955 1231 ut
977 1170 1107 1253 putatis,
1124 1189 1242 1252 aequa-

65 1290 149 1332 mur.
174 1269 216 1333 47
241 1268 332 1353 (248)
356 1271 453 1338 Unde
475 1274 564 1352 haec,
588 1295 644 1339 oro
668 1297 737 1354 vos,
762 1275 959 1361 philosophis
983 1282 1038 1338 aut
1061 1276 1163 1360 poetis
1179 1282 1245 1338 tam

66 1375 277 1441 consimilia?
304 1377 441 1444 Nonnisi
465 1382 503 1445 da
525 1383 642 1446 nostris
666 1384 882 1460 sacramentis,
905 1390 941 1446 ut
963 1383 1001 1445 de
1023 1379 1242 1467 prioribus...

64 1483 94 1544 si
118 1483 158 1546 de
181 1485 246 1547 suis
270 1486 416 1552 sensibus
440 1509 488 1571 sq.
505 1488 555 1552 ,48
581 1486 671 1569 (255)
695 1488 814 1552 Omnia
828 1491 866 1553 dc
881 1490 1011 1552 interitu
1022 1487 1243 1564 reformantur,

62 1590 177 1653 omnia
210 1590 373 1675 pereundo
408 1602 585 1658 servantur.
619 1594 661 1657 49
686 1591 777 1676 (260)
802 1593 859 1659 sed
883 1602 916 1658 et
938 1592 1069 1678 qnidam
1091 1600 1246 1658 vestrum,

65 1693 188 1778 quibus
212 1695 305 1762 lavor
330 1699 418 1784 vulgi
440 1703 477 1764 da
500 1702 666 1786 iniquitate
690 1710 845 1787 captatur,
869 1701 1052 1786 gloriantur.
1082 1697 1093 1733 ¹
1184 1767 1188 1776 ,

115 2157 172 2221 Ad
204 2159 394 2239 ablativum,
430 2161 490 2245 qai
522 2161 653 2240 dicitur,
685 2161 910 2238 sacramenti,
943 2181 1196 2244 aoaraamqaam
1223 2181 1244 2224 a

66 2262 276 2329 Tertulliano
310 2265 350 2330 de
382 2268 580 2352 praepositio
613 2264 779 2333 additar².
809 2267 852 2332 cl.
883 2269 900 2331 1
937 2263 983 2348 (3)
1018 2269 1045 2330 si
1081 2266 1122 2331 ad
1155 2267 1240 2330 hanc

61 2368 175 2432 solam
198 2373 338 2456 speciem
360 2375 531 2438 auctoritas
555 2382 663 2438 vestra
684 2375 722 2438 de
737 2375 877 2438 iustitiae
890 2371 1055 2456 diligentia
1065 2374 1099 2436 in
1110 2372 1239 2458 publico

59 2484 127 2538 aut
161 2478 252 2542 timet
286 2487 340 2542 aut
372 2479 531 2544 erubescit
564 2482 723 2566 inquirere
750 2476 800 2560 (da
822 2481 961 2544 iustitiae
980 2478 1144 2564 diligentia
1167 2481 1187 2542 i.
1212 2501 1240 2543 e.

58 2583 205 2648 issarstitia
234 2585 393 2668 dilipeati,
427 2586 512 2650 iaste
543 2608 581 2651 ac
613 2583 805 2670 dilipeater).
841 2587 859 2650 6
897 2583 965 2666 (36)
1002 2584 1070 2650 Ubi
1111 2592 1160 2650 est
1190 2584 1244 2650 illa
1275 2665 1279 2678 Ι

56 2689 210 2754 felicitas
236 2693 506 2756 matrimoniorum
528 2695 566 2757 de
588 2693 728 2757 moribus
751 2694 861 2776 utique
884 2699 1079 2777 prosperata.
1107 2692 1147 2755 10
1171 2689 1242 2773 (58)

56 2794 99 2858 Si
128 2802 164 2859 et
187 2796 256 2881 ipsa
278 2797 399 2862 inficias
422 2800 503 2876 ierit,
527 2800 565 2863 da
580 2786 646 2863 suis
662 2800 886 2882 antiquitatum
901 2799 1119 2862 instrumentis
1131 2800 1239 2862 revin-

54 2909 173 2966 cetur.
208 2905 249 2967 21
275 2901 365 2986 (116)
390 2905 442 2970 vel
464 2907 539 2990 quia
561 2912 687 2991 praeter
709 2911 846 2968 aetatem
869 2926 971 2988 neque
994 2905 1159 2968 devictus
1183 2926 1240 2968 ex·
1312 2958 1316 2969 .

53 3009 273 3095 captionibus
308 3033 411 3102 neque
445 3013 483 3075 de
517 3010 768 3076 solemnitatibus
803 3009 926 3077 dierum
960 3033 1063 3096 neque
1096 3012 1134 3074 de
1169 3012 1241 3096 ipso

51 3114 236 3200 signaculo
270 3118 412 3201 corporis
446 3139 550 3202 neque
583 3118 621 3180 de
654 3117 815 3180 consortio
847 3118 983 3180 nominis
1011 3139 1085 3181 cum
1106 3116 1240 3181 Judaeis

50 3225 204 3308 agimus.
229 3223 270 3287 21
295 3219 386 3304 (117)
409 3221 507 3288 Unde
530 3222 591 3287 illis
615 3229 703 3286 tanta
726 3221 874 3300 felicitas,
898 3230 934 3284 ut
956 3224 994 3286 de
1017 3208 1082 3286 dei'
1097 3222 1241 3301 vocibus,

48 3329 188 3410 quibus
222 3329 446 3408 edocebantur,
481 3328 522 3394 de
556 3326 766 3415 promerendo
801 3327 862 3392 deo
892 3337 924 3392 et
957 3349 1022 3391 non
1046 3326 1239 3392 offendendo

49 3444 359 3522 praemonerentur.
385 3437 428 3500 23
452 3433 553 3517 (144).
577 3436 691 3520 Aeque
715 3424 909 3521 producatur
931 3434 1044 3518 aliquis
1068 3455 1109 3498 ex
1123 3433 1172 3496 his
1187 3436 1241 3517 qui

95 3698 105 3726 ¹
128 3698 173 3754 cf.
195 3698 321 3752 Goelzer:
339 3697 460 3752 Latinite
476 3697 511 3751 de
530 3697 570 3752 st.
588 3697 699 3752 Jerome
717 3714 743 3766 p.
763 3695 882 3750 341.11.
903 3696 926 3748 1.
945 3694 970 3750 2.
990 3694 1015 3748 3.
1034 3695 1059 3748 4.
1079 3725 1113 3734 -

92 3797 106 3826 ·
139 3787 180 3842 cf.
211 3787 282 3841 stul.
300 3786 355 3840 loIrL
374 3786 487 3849 Versch.
506 3803 532 3856 p.
553 3786 612 3840 126.
631 3786 750 3854 Draeper
767 3784 791 3838 I.
810 3802 836 3855 p.
856 3783 927 3849 636;
944 3782 1052 3836 saaca
1070 3784 1093 3838 I.
1112 3801 1140 3838 11.
1158 3785 1195 3838 V.
1214 3801 1241 3854 p.

45 3879 121 3936 392.
149 3876 206 3930 426
224 3893 264 3946 sq.
283 3875 443 3944 Kaffmaaa:
461 3874 558 3930 Gesch.
577 3874 625 3928 des
643 3873 782 3928 Kirchenl.
801 3873 841 3926 II.
860 3889 886 3942 p.
908 3872 976 3934 142;
996 3871 1086 3926 Hand.
1104 3873 1182 3926 Turs.
1201 3871 1241 3926 II.

45 3989 76 4040 p.
112 3965 176 4021 219
204 3981 271 4034 Sum
303 3963 421 4018 fflldebr.
443 3963 479 4017 ad
497 3962 580 4033 Apul.
599 3961 711 4016 Metam.
730 3961 815 4017 VIII.
835 3961 859 4015 8.
879 3977 906 4030 p.
924 3959 986 4014 668.
1004 3965 1032 4014 et
1050 3961 1086 4014 ad
1103 3959 1198 4014 Amob
1217 3959 1241 4012 I.

44 4060 96 4114 39.
121 4073 157 4127 p.
177 4053 211 4107 61
231 4069 272 4122 sq.
