2788 4500
5 294 20 348 1

669 258 709 321 81

97 456 246 518 invenire
269 456 451 539 potuimus:
477 454 495 516 7
521 453 585 528 (41)
610 452 763 517 Omnium
786 460 835 517 est
857 456 1034 532 aestimare,
1063 462 1272 539 quantacum-

94 583 165 645 que
188 560 242 624 illa
264 560 436 650 ambitione
460 557 577 624 diffusa
600 560 651 636 sit,
676 566 931 645 quantacumque
947 563 1183 626 asseveratione
1197 583 1273 624 con-

94 673 234 744 structa,
270 667 356 750 quod
388 665 429 730 ab
463 687 527 728 uno
563 664 733 749 aliquando
768 667 912 750 principe
947 674 1057 730 exorta
1080 669 1122 730 sit
1143 689 1274 731 necesse

66 777 69 786 “
95 781 163 838 est.
189 773 233 836 23
256 769 345 854 (147)
368 770 492 836 Eadem
515 793 593 835 vero
617 793 714 856 opera
737 779 846 836 nostra
868 771 909 836 ab
933 771 1054 837 eisdem
1077 773 1274 838 deisvestris

98 903 169 944 606
205 886 327 943 tantum
350 878 411 942 hoo
435 876 657 961 detegentibus
681 878 767 960 qaod
788 900 891 962 neque
914 880 977 964 ipsi
1000 877 1053 943 dei
1076 882 1149 957 sint,
1174 902 1277 964 neque

98 973 161 1050 ulli
207 986 270 1062 alii,
318 987 418 1052 etiam¹
458 983 537 1048 illud
584 986 618 1047 in
664 987 840 1048 continenti
886 988 1089 1070 cognoscitis
1136 988 1191 1069 qui
1238 988 1278 1048 sit

94 1114 185 1166 ‚vero
209 1091 297 1156 deus.

151 1197 272 1262 Contra
306 1197 469 1282 vulgarem
490 1219 598 1260 usum
630 1203 859 1260 construuntur
893 1219 987 1282 porro
1029 1220 1101 1262 oum
1135 1197 1215 1263 Aoc.
1250 1221 1277 1262 0.

154 1412 253 1494 Lepas
276 1415 371 1473 erant
395 1410 416 1472 4
441 1405 507 1490 (26)
531 1406 596 1472 Sed
620 1416 652 1472 et
674 1409 835 1472 iudicatos
858 1411 891 1473 in
913 1417 1020 1494 partes
1044 1408 1187 1475 secarr'a
1207 1396 1280 1475 cre·
1359 1453 1364 1462 ι

102 1517 268 1582 (litoribus
304 1517 383 1598 lepos
419 1520 512 1579 erunt
549 1514 594 1590 (66
623 1514 760 1601 Kiihner
781 1514 846 1578 111.
871 1539 923 1600 pg.
949 1517 1035 1590 817).
1124 1525 1128 1536 ’

153 1624 343 1688 Permittere
385 1621 424 1684 11
463 1623 530 1695 (66)
566 1623 690 1705 Atquin
724 1628 760 1683 ut
793 1622 864 1684 illos
898 1622 1043 1686 homines
1081 1622 1182 1694 fuisse
1217 1645 1282 1686 606

100 1732 238 1818 possitis
273 1751 398 1812 negare,
435 1729 531 1792 etiarn
569 1729 649 1791 istae
684 1735 777 1792 notae
813 1727 970 1792 accedrmt
1004 1751 1085 1813 quae
1120 1751 1180 1794 nec
1203 1728 1280 1793 deos

99 1844 219 1924 postea
241 1834 345 1900 factos
368 1834 455 1897 credi
471 1834 681 1916 permittunt.
707 1833 760 1907 (06.
785 1835 921 1898 Kiihner
950 1858 981 1920 p.
1007 1836 1081 1898 809.
1107 1837 1149 1911 3).

143 1947 334 2026 ’6666661666
358 1963 386 2004 c.
411 1940 492 2004 Ace.
517 1962 546 2003 e.
571 1939 636 2003 166.
664 1941 702 2003 11
729 1937 797 2020 (68)
821 1931 952 2018 Quanto
976 1941 1102 2026 dignius
1120 1945 1283 2007 istosdeos

105 2051 164 2116 ille
200 2049 416 2113 adsrrrnendos
440 2054 652 2131 expectasset,
677 2069 757 2132 pro:
781 2047 857 2111 dum
880 2051 934 2111 isti
961 2048 1013 2114 dei
1037 2058 1282 2113 assumerentur.

102 2156 166 2232 (66.
190 2153 326 2229 Kiihner
348 2175 380 2237 p.
405 2151 469 2215 515
494 2151 536 2214 A.
563 2152 583 2214 4
611 2160 671 2216 cet.
698 2152 762 2216 806
787 2155 830 2229 1.;
854 2152 927 2217 Liv.
952 2155 1005 2218 43.
1030 2157 1082 2219 22.
1108 2157 1149 2230 2).
1338 2147 1341 2152 ’

89 2309 95 2322 .
155 2258 383 2343 reprehendere
406 2279 435 2320 c.
458 2256 540 2321 Aoc.
565 2280 593 2321 c.
608 2255 673 2321 166.
687 2280 745 2343 pro
763 2257 885 2342 „quod”
901 2283 1073 2345 numquam
1085 2261 1171 2348 apud
1183 2262 1283 2326 bonos
1364 2250 1366 2254 ¹

102 2368 283 2452 scriptores
306 2365 463 2448 reperitur
485 2363 632 2438 (Krihner
654 2386 685 2448 p.
712 2365 775 2428 840
799 2364 842 2439 1).)
867 2363 985 2449 12(68)
996 2367 1074 2431 nihil
1085 2368 1171 2432 aliud
1181 2391 1286 2454 repre

104 2470 219 2538 hendo
243 2493 338 2556 quam
349 2470 504 2533 creterras
516 2490 640 2533 sorores
652 2492 717 2534 6666
729 2473 932 2536 vasculorum
943 2475 1286 2560 instrumentorumque

105 2579 329 2644 communium
352 2577 470 2650 (variae
482 2575 569 2640 lectt.
583 2575 668 2640 aliud
680 2577 878 2662 reprehendo
888 2579 1049 2644 ABDEG
1060 2580 1130 2658 abe,
1141 2580 1285 2647 Vindob.

108 2684 237 2750 Erfurt.
269 2682 375 2747 Oxon.
399 2663 556 2766 Bongars.
582 2681 751 2760 Ambros;
776 2684 861 2749 aliud
884 2684 1089 2771 deprehendo
1114 2687 1289 2773 (deprendo
1334 2697 1338 2703 ”

107 2791 166 2866 F.)
189 2789 306 2864 Fedf.;
331 2789 466 2874 amplius
490 2787 695 2874 deprehendo
719 2808 733 2857 a
756 2790 912 2872 Havere.)

160 2897 265 2980 facere
288 2919 316 2960 c.
341 2895 422 2960 Ace.
446 2918 474 2960 6.
498 2894 562 2958 Ι66.
591 2896 629 2959 17
655 2894 722 2977 (98)
745 2895 821 2962 Ηο0
845 2899 931 2982 quod
953 2907 1002 2964 est
1012 2901 1109 2964 deam
1121 2902 1292 2988 aestimari

109 3005 207 3083 facit,
242 3002 318 3067 dum
352 3005 513 3068 aestimari
545 3026 610 3067 606
642 3007 746 3090 capit3
784 3007 826 3069 23
861 3007 949 3081 (142)
978 3029 1041 3071 606
1066 3029 1139 3090 ergo
1163 3008 1289 3092 dignius

107 3117 336 3198 praesumetur
356 3112 444 3196 ipsos
468 3131 538 3175 esse
562 3113 617 3194 qui
644 3133 679 3175 se
701 3111 780 3176 deos
804 3111 934 3191 faciant,
959 3135 1032 3178 cum
1056 3113 1167 3178 eadem
1191 3112 1289 3178 edant
1337 3181 1341 3189 ,

108 3238 200 3302 quae
234 3216 355 3280 faciant
384 3218 456 3280 deos
491 3217 586 3294 666616,
623 3239 717 3301 quam
749 3241 842 3304 pares
875 3220 997 3304 angelis
1028 3229 1060 3284 et
1083 3220 1289 3285 daemonibus

109 3324 197 3388 deos
222 3325 319 3386 esse?
349 3379 354 3394 ,

162 3429 376 3508 ,4666666166
413 3432 623 3515 personaliter
656 3439 851 3517 usurpatum,
887 3456 959 3497 cum
995 3433 1075 3498 Ace.
1106 3457 1133 3498 c.
1158 3434 1223 3498 166.
1248 3437 1290 3498 33

110 3531 212 3617 (179)
244 3535 421 3599 Hominem
444 3558 478 3600 se
500 3558 566 3600 6666
589 3538 684 3600 etiam
707 3538 907 3624 triumphans
931 3540 1041 3622 inille
1065 3539 1291 3605 sublimissimo

109 3663 214 3726 curru
237 3640 434 3705 admonetur.
546 3661 549 3668 ·
832 3657 835 3662 '

163 3737 355 3811 Permitiere
390 3770 417 3812 c.
453 3747 534 3813 Α60.
560 3746 676 3813 alni.
703 3751 743 3814 35
769 3751 857 3825 (183)
881 3774 944 3815 606
969 3752 1159 3818 celebrando
1184 3755 1292 3818 vobis·
1387 3705 1388 3736 l

110 3876 193 3919 cum
217 3853 382 3917 sollemnia
405 3853 579 3918 Caesarum
602 3877 665 3939 quo
689 3878 775 3920 more
797 3857 952 3922 'celebrari
975 3882 1035 3923 nec
1059 3859 1215 3925 modestia
1231 3884 1291 3924 neo

111 3958 315 4024 verecundia
337 3982 402 4024 nec·
420 3960 574 4045 pudicitia
598 3964 793 4046 permittunt.

5 4111 7 4148 ,
124 4138 128 4147 ¹
164 4065 287 4130 Contra
304 4069 379 4152 'pro
414 4068 494 4132 Ace.
520 4089 548 4131 c.
573 4067 637 4131 166.
661 4071 805 4153 sequitur
827 4073 1001 4156 propositio
1025 4095 1044 4136 a
1070 4074 1292 4135 coniunctione
