<?xml version="1.0" encoding="UTF-8"?>
<!DOCTYPE html PUBLIC "-//W3C//DTD XHTML 1.0 Transitional//EN"
    "http://www.w3.org/TR/xhtml1/DTD/xhtml1-transitional.dtd">
<html xmlns="http://www.w3.org/1999/xhtml" xml:lang="en" lang="en">
 <head>
  <title>
</title>
<meta http-equiv="Content-Type" content="text/html;charset=utf-8" />
  <meta name='ocr-system' content='tesseract 3.04.00' />
  <meta name='ocr-capabilities' content='ocr_page ocr_carea ocr_par ocr_line ocrx_word'/>
</head>
<body>
  <div class='ocr_page' id='page_1' title='image "./delatinitatequa01blokgoog_0181.png"; bbox 0 0 2808 4492; ppageno 0'>
   <div class='ocr_carea' id='block_1_1' title="bbox 659 150 721 213">
    <p class='ocr_par' dir='ltr' id='par_1_1' title="bbox 659 150 721 213">
     <span class='ocr_line' id='line_1_1' title="bbox 659 150 721 213; baseline 0 -1"><span class='ocrx_word' id='word_1_1' title='bbox 659 150 721 213; x_wconf 83' lang='lat'>168</span> 
     </span>
    </p>
   </div>
   <div class='ocr_carea' id='block_1_2' title="bbox 105 319 1388 537">
    <p class='ocr_par' dir='ltr' id='par_1_2' title="bbox 105 319 1388 537">
     <span class='ocr_line' id='line_1_2' title="bbox 149 319 1388 436; baseline 0.006 -30"><span class='ocrx_word' id='word_1_2' title='bbox 149 339 372 424; x_wconf 75' lang='lat' dir='ltr'>suspirare,</span> <span class='ocrx_word' id='word_1_3' title='bbox 396 368 423 409; x_wconf 96' lang='lat' dir='ltr'>c.</span> <span class='ocrx_word' id='word_1_4' title='bbox 450 346 502 408; x_wconf 92' lang='grc'>44.</span> <span class='ocrx_word' id='word_1_5' title='bbox 528 319 569 408; x_wconf 82' lang='lat' dir='ltr'>de</span> <span class='ocrx_word' id='word_1_6' title='bbox 591 346 707 408; x_wconf 89' lang='lat' dir='ltr'>vestris</span> <span class='ocrx_word' id='word_1_7' title='bbox 731 345 857 408; x_wconf 88' lang='lat' dir='ltr'>metalla</span> <span class='ocrx_word' id='word_1_8' title='bbox 872 347 1062 430; x_wconf 79' lang='lat' dir='ltr'>..suspiraret</span> <span class='ocrx_word' id='word_1_9' title='bbox 1098 348 1283 432; x_wconf 69' lang='lat' dir='ltr'>desperare</span> <span class='ocrx_word' id='word_1_10' title='bbox 1387 381 1388 436; x_wconf 74' lang='lat' dir='ltr'><strong>j</strong></span> 
     </span>
     <span class='ocr_line' id='line_1_3' title="bbox 105 448 1388 537; baseline 0.008 -25"><span class='ocrx_word' id='word_1_11' title='bbox 105 449 248 530; x_wconf 75' lang='lat' dir='ltr'><em>aliquem</em></span> <span class='ocrx_word' id='word_1_12' title='bbox 282 475 324 502; x_wconf 93' lang='lat'><strong><em>=</em></strong></span> <span class='ocrx_word' id='word_1_13' title='bbox 354 473 463 515; x_wconf 82' lang='lat' dir='ltr'>errrore</span> <span class='ocrx_word' id='word_1_14' title='bbox 486 451 630 515; x_wconf 71' lang='lat' dir='ltr'>alteritas</span> <span class='ocrx_word' id='word_1_15' title='bbox 651 453 763 515; x_wconf 87' lang='lat' dir='ltr'>erdere</span> <span class='ocrx_word' id='word_1_16' title='bbox 786 448 842 531; x_wconf 83' lang='lat' dir='ltr'>(ci.</span> <span class='ocrx_word' id='word_1_17' title='bbox 867 461 1032 537; x_wconf 89' lang='lat' dir='ltr'>poetarum</span> <span class='ocrx_word' id='word_1_18' title='bbox 1061 457 1190 531; x_wconf 86' lang='lat' dir='ltr'>,ardere</span> <span class='ocrx_word' id='word_1_19' title='bbox 1213 456 1286 520; x_wconf 72' lang='lat' dir='ltr'>are·-</span> <span class='ocrx_word' id='word_1_20' title='bbox 1387 459 1388 528; x_wconf 68' lang='grc' dir='ltr'>ἐ</span> 
     </span>
    </p>
   </div>
   <div class='ocr_carea' id='block_1_3' title="bbox 105 554 1280 642">
    <p class='ocr_par' dir='ltr' id='par_1_3' title="bbox 105 549 1388 642">
     <span class='ocr_line' id='line_1_4' title="bbox 105 554 1280 642; baseline 0.012 -25"><span class='ocrx_word' id='word_1_21' title='bbox 105 554 233 636; x_wconf 68' lang='lat' dir='ltr'>qaerffl)</span> <span class='ocrx_word' id='word_1_22' title='bbox 275 557 314 620; x_wconf 85' lang='lat'>15</span> <span class='ocrx_word' id='word_1_23' title='bbox 344 554 411 638; x_wconf 82' lang='lat'><strong>(83)</strong></span> <span class='ocrx_word' id='word_1_24' title='bbox 447 556 568 641; x_wconf 81' lang='lat' dir='ltr'>Cybele</span> <span class='ocrx_word' id='word_1_25' title='bbox 599 563 766 641; x_wconf 78' lang='lat' dir='ltr'><em>pastorem</em></span> <span class='ocrx_word' id='word_1_26' title='bbox 798 559 949 642; x_wconf 75' lang='lat' dir='ltr'>streperet</span> <span class='ocrx_word' id='word_1_27' title='bbox 979 559 1183 624; x_wconf 79' lang='lat' dir='ltr'>fastidiosum</span> <span class='ocrx_word' id='word_1_28' title='bbox 1212 584 1280 630; x_wconf 88' lang='lat' dir='ltr'>non</span> 
     </span>
    </p>
   </div>
   <div class='ocr_carea' id='block_1_4' title="bbox 106 662 1278 857">
    <p class='ocr_par' dir='ltr' id='par_1_4' title="bbox 106 635 1388 874">
     <span class='ocr_line' id='line_1_5' title="bbox 106 662 1278 748; baseline 0.006 -23"><span class='ocrx_word' id='word_1_29' title='bbox 106 662 366 727; x_wconf 80' lang='lat' dir='ltr'>erubescentibus</span> <span class='ocrx_word' id='word_1_30' title='bbox 390 664 492 727; x_wconf 89' lang='lat' dir='ltr'>vobis.</span> <span class='ocrx_word' id='word_1_31' title='bbox 519 663 571 730; x_wconf 85' lang='lat' dir='ltr'>Cf.</span> <span class='ocrx_word' id='word_1_32' title='bbox 596 664 701 728; x_wconf 91' lang='lat' dir='ltr'>locum</span> <span class='ocrx_word' id='word_1_33' title='bbox 725 665 859 728; x_wconf 87' lang='lat' dir='ltr'>similem</span> <span class='ocrx_word' id='word_1_34' title='bbox 882 664 924 728; x_wconf 87' lang='lat' dir='ltr'>ad</span> <span class='ocrx_word' id='word_1_35' title='bbox 947 664 1036 729; x_wconf 87' lang='lat' dir='ltr'>Natt.</span> <span class='ocrx_word' id='word_1_36' title='bbox 1059 665 1087 728; x_wconf 92' lang='lat' dir='ltr'>I.</span> <span class='ocrx_word' id='word_1_37' title='bbox 1116 667 1155 730; x_wconf 84' lang='lat'>10</span> <span class='ocrx_word' id='word_1_38' title='bbox 1174 664 1278 748; x_wconf 79' lang='lat'>(307).</span> 
     </span>
     <span class='ocr_line' id='line_1_6' title="bbox 107 769 1277 857; baseline 0.003 -24"><span class='ocrx_word' id='word_1_39' title='bbox 107 769 284 852; x_wconf 65' lang='lat' dir='ltr'>desperare</span> <span class='ocrx_word' id='word_1_40' title='bbox 307 770 391 855; x_wconf 89' lang='lat' dir='ltr'>apud</span> <span class='ocrx_word' id='word_1_41' title='bbox 416 778 526 855; x_wconf 86' lang='lat' dir='ltr'>poetas</span> <span class='ocrx_word' id='word_1_42' title='bbox 552 794 647 857; x_wconf 86' lang='lat' dir='ltr'>saepe</span> <span class='ocrx_word' id='word_1_43' title='bbox 671 774 718 836; x_wconf 87' lang='lat' dir='ltr'>sic</span> <span class='ocrx_word' id='word_1_44' title='bbox 746 771 923 836; x_wconf 87' lang='lat' dir='ltr'>adhibitum</span> <span class='ocrx_word' id='word_1_45' title='bbox 946 771 1114 849; x_wconf 84' lang='lat' dir='ltr'>videmus3</span> <span class='ocrx_word' id='word_1_46' title='bbox 1140 772 1183 837; x_wconf 84' lang='lat' dir='ltr'>cf.</span> <span class='ocrx_word' id='word_1_47' title='bbox 1200 772 1277 836; x_wconf 83' lang='lat' dir='ltr'>Juv.</span> 
     </span>
    </p>
   </div>
   <div class='ocr_carea' id='block_1_5' title="bbox 107 875 1388 963">
    <p class='ocr_par' dir='ltr' id='par_1_5' title="bbox 107 875 1388 963">
     <span class='ocr_line' id='line_1_7' title="bbox 107 875 1388 963; baseline 0.005 -27"><span class='ocrx_word' id='word_1_48' title='bbox 107 875 157 938; x_wconf 94' lang='grc'>11.</span> <span class='ocrx_word' id='word_1_49' title='bbox 197 876 269 953; x_wconf 90' lang='grc'>152,</span> <span class='ocrx_word' id='word_1_50' title='bbox 294 878 441 960; x_wconf 74' lang='lat' dir='ltr'>streperet</span> <span class='ocrx_word' id='word_1_51' title='bbox 466 883 604 941; x_wconf 82' lang='lat' dir='ltr'>matrem</span> <span class='ocrx_word' id='word_1_52' title='bbox 632 879 726 962; x_wconf 81' lang='lat' dir='ltr'>longo</span> <span class='ocrx_word' id='word_1_53' title='bbox 749 900 813 942; x_wconf 93' lang='lat' dir='ltr'>non</span> <span class='ocrx_word' id='word_1_54' title='bbox 836 880 939 942; x_wconf 85' lang='lat' dir='ltr'>visam</span> <span class='ocrx_word' id='word_1_55' title='bbox 963 886 1122 963; x_wconf 89' lang='lat' dir='ltr'>tempore;</span> <span class='ocrx_word' id='word_1_56' title='bbox 1147 878 1219 942; x_wconf 87' lang='lat' dir='ltr'>Tib.</span> <span class='ocrx_word' id='word_1_57' title='bbox 1248 880 1278 944; x_wconf 83' lang='lat'>4.</span> <span class='ocrx_word' id='word_1_58' title='bbox 1387 901 1388 924; x_wconf 67' lang='lat'><em>³</em></span> 
     </span>
    </p>
   </div>
   <div class='ocr_carea' id='block_1_6' title="bbox 105 982 1388 1290">
    <p class='ocr_par' dir='ltr' id='par_1_6' title="bbox 105 982 1388 1290">
     <span class='ocr_line' id='line_1_8' title="bbox 106 982 1388 1080; baseline 0.003 -36"><span class='ocrx_word' id='word_1_59' title='bbox 106 982 136 1044; x_wconf 86' lang='lat'>5.</span> <span class='ocrx_word' id='word_1_60' title='bbox 163 982 213 1044; x_wconf 93' lang='grc'>11.</span> <span class='ocrx_word' id='word_1_61' title='bbox 238 1002 327 1065; x_wconf 80' lang='lat' dir='ltr'>serap.</span> <span class='ocrx_word' id='word_1_62' title='bbox 350 1004 485 1059; x_wconf 67' lang='lat' dir='ltr'>orporea</span> <span class='ocrx_word' id='word_1_63' title='bbox 510 982 553 1047; x_wconf 93' lang='lat' dir='ltr'>id.</span> <span class='ocrx_word' id='word_1_64' title='bbox 581 985 608 1047; x_wconf 92' lang='lat'>1.</span> <span class='ocrx_word' id='word_1_65' title='bbox 635 986 664 1047; x_wconf 95' lang='grc'>6.</span> <span class='ocrx_word' id='word_1_66' title='bbox 690 985 731 1048; x_wconf 88' lang='lat'>35</span> <span class='ocrx_word' id='word_1_67' title='bbox 755 985 914 1048; x_wconf 79' lang='lat' dir='ltr'>maiorem</span> <span class='ocrx_word' id='word_1_68' title='bbox 936 986 1257 1068; x_wconf 78' lang='lat' dir='ltr'>seraptratAcla&#39;llere</span> <span class='ocrx_word' id='word_1_69' title='bbox 1268 1009 1283 1066; x_wconf 88' lang='lat'>,·</span> <span class='ocrx_word' id='word_1_70' title='bbox 1387 1035 1388 1080; x_wconf 58' lang='lat' dir='ltr'>t</span> 
     </span>
     <span class='ocr_line' id='line_1_9' title="bbox 105 1086 885 1173; baseline 0.002 -23"><span class='ocrx_word' id='word_1_71' title='bbox 105 1086 185 1152; x_wconf 91' lang='lat' dir='ltr'>Hor.</span> <span class='ocrx_word' id='word_1_72' title='bbox 210 1111 305 1152; x_wconf 86' lang='lat' dir='ltr'>carm.</span> <span class='ocrx_word' id='word_1_73' title='bbox 331 1090 361 1152; x_wconf 85' lang='lat'>3.</span> <span class='ocrx_word' id='word_1_74' title='bbox 388 1091 417 1153; x_wconf 84' lang='lat'>7.</span> <span class='ocrx_word' id='word_1_75' title='bbox 446 1091 485 1153; x_wconf 90' lang='grc'>10</span> <span class='ocrx_word' id='word_1_76' title='bbox 508 1111 598 1173; x_wconf 79' lang='lat' dir='ltr'>saep.</span> <span class='ocrx_word' id='word_1_77' title='bbox 628 1089 769 1170; x_wconf 68' lang='lat' dir='ltr'>Chatta,</span> <span class='ocrx_word' id='word_1_78' title='bbox 792 1098 823 1154; x_wconf 86' lang='lat' dir='ltr'>et</span> <span class='ocrx_word' id='word_1_79' title='bbox 847 1091 885 1154; x_wconf 92' lang='grc'>31.</span> 
     </span>
     <span class='ocr_line' id='line_1_10' title="bbox 151 1190 1388 1290; baseline 0.002 -32"><span class='ocrx_word' id='word_1_80' title='bbox 151 1190 356 1259; x_wconf 79' lang='lat' dir='ltr'>Sustinere</span> <span class='ocrx_word' id='word_1_81' title='bbox 395 1221 438 1248; x_wconf 92' lang='lat'><strong><em>=</em></strong></span> <span class='ocrx_word' id='word_1_82' title='bbox 478 1202 651 1290; x_wconf 80' lang='lat' dir='ltr'>eaprotere,</span> <span class='ocrx_word' id='word_1_83' title='bbox 690 1218 830 1280; x_wconf 84' lang='lat' dir='ltr'>sperare,</span> <span class='ocrx_word' id='word_1_84' title='bbox 865 1197 1008 1280; x_wconf 79' lang='lat' dir='ltr'>differre,</span> <span class='ocrx_word' id='word_1_85' title='bbox 1033 1199 1075 1261; x_wconf 85' lang='lat'>35</span> <span class='ocrx_word' id='word_1_86' title='bbox 1101 1194 1191 1278; x_wconf 89' lang='grc'>(189)</span> <span class='ocrx_word' id='word_1_87' title='bbox 1216 1195 1280 1262; x_wconf 91' lang='lat' dir='ltr'>Cui</span> <span class='ocrx_word' id='word_1_88' title='bbox 1387 1209 1388 1244; x_wconf 70' lang='grc'>1</span> 
     </span>
    </p>
   </div>
   <div class='ocr_carea' id='block_1_7' title="bbox 106 1302 1388 1598">
    <p class='ocr_par' dir='ltr' id='par_1_7' title="bbox 106 1302 1388 1598">
     <span class='ocr_line' id='line_1_11' title="bbox 106 1302 1281 1388; baseline 0.002 -24"><span class='ocrx_word' id='word_1_89' title='bbox 106 1308 211 1364; x_wconf 88' lang='lat' dir='ltr'>antem</span> <span class='ocrx_word' id='word_1_90' title='bbox 245 1323 325 1386; x_wconf 91' lang='lat' dir='ltr'>opus</span> <span class='ocrx_word' id='word_1_91' title='bbox 361 1309 409 1366; x_wconf 87' lang='lat' dir='ltr'>est</span> <span class='ocrx_word' id='word_1_92' title='bbox 442 1305 633 1387; x_wconf 87' lang='lat' dir='ltr'>perscrutari</span> <span class='ocrx_word' id='word_1_93' title='bbox 662 1325 757 1388; x_wconf 90' lang='lat' dir='ltr'>super</span> <span class='ocrx_word' id='word_1_94' title='bbox 781 1302 927 1366; x_wconf 81' lang='lat' dir='ltr'>Caesaris</span> <span class='ocrx_word' id='word_1_95' title='bbox 951 1304 1062 1381; x_wconf 86' lang='lat' dir='ltr'>salute,</span> <span class='ocrx_word' id='word_1_96' title='bbox 1086 1305 1148 1366; x_wconf 92' lang='lat' dir='ltr'>nisi</span> <span class='ocrx_word' id='word_1_97' title='bbox 1172 1325 1191 1366; x_wconf 91' lang='lat' dir='ltr'>a</span> <span class='ocrx_word' id='word_1_98' title='bbox 1214 1325 1281 1388; x_wconf 89' lang='lat' dir='ltr'>quc</span> 
     </span>
     <span class='ocr_line' id='line_1_12' title="bbox 106 1405 1388 1495; baseline 0.002 -25"><span class='ocrx_word' id='word_1_99' title='bbox 106 1407 224 1492; x_wconf 89' lang='lat' dir='ltr'>aliquid</span> <span class='ocrx_word' id='word_1_100' title='bbox 260 1407 414 1472; x_wconf 84' lang='lat' dir='ltr'>adversus</span> <span class='ocrx_word' id='word_1_101' title='bbox 449 1409 534 1472; x_wconf 92' lang='lat' dir='ltr'>illam</span> <span class='ocrx_word' id='word_1_102' title='bbox 568 1412 725 1492; x_wconf 85' lang='lat' dir='ltr'>cogitatur</span> <span class='ocrx_word' id='word_1_103' title='bbox 760 1410 812 1473; x_wconf 91' lang='lat' dir='ltr'>vel</span> <span class='ocrx_word' id='word_1_104' title='bbox 845 1417 983 1495; x_wconf 88' lang='lat' dir='ltr'>optatur,</span> <span class='ocrx_word' id='word_1_105' title='bbox 1019 1418 1073 1474; x_wconf 90' lang='lat' dir='ltr'>aut</span> <span class='ocrx_word' id='word_1_106' title='bbox 1096 1417 1169 1495; x_wconf 89' lang='lat' dir='ltr'>post</span> <span class='ocrx_word' id='word_1_107' title='bbox 1192 1410 1283 1473; x_wconf 90' lang='lat' dir='ltr'>illam</span> <span class='ocrx_word' id='word_1_108' title='bbox 1387 1405 1388 1488; x_wconf 73' lang='grc'>1</span> 
     </span>
     <span class='ocr_line' id='line_1_13' title="bbox 106 1513 1279 1598; baseline 0.002 -22"><span class='ocrx_word' id='word_1_109' title='bbox 106 1523 250 1598; x_wconf 90' lang='lat' dir='ltr'>speratur</span> <span class='ocrx_word' id='word_1_110' title='bbox 285 1524 317 1578; x_wconf 88' lang='lat' dir='ltr'>et</span> <span class='ocrx_word' id='word_1_111' title='bbox 350 1515 558 1579; x_wconf 75' lang='lat' dir='ltr'>sustinetur?</span> <span class='ocrx_word' id='word_1_112' title='bbox 588 1516 642 1580; x_wconf 88' lang='lat' dir='ltr'>Ad</span> <span class='ocrx_word' id='word_1_113' title='bbox 673 1516 761 1579; x_wconf 70' lang='lat' dir='ltr'>Nate</span> <span class='ocrx_word' id='word_1_114' title='bbox 785 1515 814 1580; x_wconf 87' lang='lat' dir='ltr'>I.</span> <span class='ocrx_word' id='word_1_115' title='bbox 841 1517 858 1580; x_wconf 88' lang='grc'>7</span> <span class='ocrx_word' id='word_1_116' title='bbox 884 1513 975 1597; x_wconf 86' lang='grc'>(290)</span> <span class='ocrx_word' id='word_1_117' title='bbox 999 1515 1102 1594; x_wconf 86' lang='grc' dir='ltr'>Η333,</span> <span class='ocrx_word' id='word_1_118' title='bbox 1127 1538 1182 1580; x_wconf 89' lang='lat' dir='ltr'>oro</span> <span class='ocrx_word' id='word_1_119' title='bbox 1206 1537 1279 1593; x_wconf 86' lang='lat' dir='ltr'>vos,</span> 
     </span>
    </p>
   </div>
   <div class='ocr_carea' id='block_1_8' title="bbox 105 1615 1388 1920">
    <p class='ocr_par' dir='ltr' id='par_1_8' title="bbox 105 1615 1388 1920">
     <span class='ocr_line' id='line_1_14' title="bbox 106 1615 1278 1708; baseline 0.001 -25"><span class='ocrx_word' id='word_1_120' title='bbox 106 1620 291 1684; x_wconf 86' lang='lat' dir='ltr'>denuntiata</span> <span class='ocrx_word' id='word_1_121' title='bbox 324 1621 363 1686; x_wconf 90' lang='lat' dir='ltr'>ab</span> <span class='ocrx_word' id='word_1_122' title='bbox 388 1623 457 1686; x_wconf 92' lang='lat' dir='ltr'>aliis</span> <span class='ocrx_word' id='word_1_123' title='bbox 480 1623 646 1685; x_wconf 71' lang='lat' dir='ltr'>absterreret</span> <span class='ocrx_word' id='word_1_124' title='bbox 670 1619 712 1702; x_wconf 83' lang='lat' dir='ltr'>(h.</span> <span class='ocrx_word' id='word_1_125' title='bbox 738 1645 765 1687; x_wconf 80' lang='grc'>3.</span> <span class='ocrx_word' id='word_1_126' title='bbox 789 1617 963 1705; x_wconf 62' lang='lat' dir='ltr'>differant)</span> <span class='ocrx_word' id='word_1_127' title='bbox 988 1622 1101 1708; x_wconf 79' lang='lat' dir='ltr'>prodi?</span> <span class='ocrx_word' id='word_1_128' title='bbox 1126 1615 1185 1686; x_wconf 85' lang='lat' dir='ltr'>Cf.¹</span> <span class='ocrx_word' id='word_1_129' title='bbox 1203 1621 1278 1685; x_wconf 88' lang='lat' dir='ltr'>Liv.</span> 
     </span>
     <span class='ocr_line' id='line_1_15' title="bbox 105 1725 1388 1812; baseline -0.002 -20"><span class='ocrx_word' id='word_1_130' title='bbox 105 1725 151 1792; x_wconf 88' lang='lat' dir='ltr'>V.</span> <span class='ocrx_word' id='word_1_131' title='bbox 188 1729 248 1792; x_wconf 79' lang='lat'>45:</span> <span class='ocrx_word' id='word_1_132' title='bbox 273 1751 338 1792; x_wconf 91' lang='lat' dir='ltr'>rem</span> <span class='ocrx_word' id='word_1_133' title='bbox 361 1731 394 1791; x_wconf 93' lang='lat' dir='ltr'>in</span> <span class='ocrx_word' id='word_1_134' title='bbox 419 1738 544 1793; x_wconf 89' lang='lat' dir='ltr'>noctem</span> <span class='ocrx_word' id='word_1_135' title='bbox 571 1730 748 1809; x_wconf 62' lang='lat' dir='ltr'>arestr&#39;rtera</span> <span class='ocrx_word' id='word_1_136' title='bbox 772 1737 803 1792; x_wconf 92' lang='lat' dir='ltr'>et</span> <span class='ocrx_word' id='word_1_137' title='bbox 826 1727 890 1791; x_wconf 83' lang='grc' dir='ltr'>ΠΙ.</span> <span class='ocrx_word' id='word_1_138' title='bbox 916 1729 977 1804; x_wconf 89' lang='grc'>33;</span> <span class='ocrx_word' id='word_1_139' title='bbox 1001 1728 1141 1792; x_wconf 81' lang='lat' dir='ltr'>Martial.</span> <span class='ocrx_word' id='word_1_140' title='bbox 1165 1728 1279 1812; x_wconf 85' lang='lat' dir='ltr'>Epigr.</span> <span class='ocrx_word' id='word_1_141' title='bbox 1387 1753 1388 1782; x_wconf 65' lang='lat'>1</span> 
     </span>
     <span class='ocr_line' id='line_1_16' title="bbox 105 1829 1388 1920; baseline 0.002 -24"><span class='ocrx_word' id='word_1_142' title='bbox 105 1833 169 1898; x_wconf 86' lang='lat' dir='ltr'>IX.</span> <span class='ocrx_word' id='word_1_143' title='bbox 195 1836 231 1898; x_wconf 77' lang='lat'>4:</span> <span class='ocrx_word' id='word_1_144' title='bbox 255 1835 434 1920; x_wconf 85' lang='lat' dir='ltr'>Exspectes</span> <span class='ocrx_word' id='word_1_145' title='bbox 459 1844 490 1900; x_wconf 87' lang='lat' dir='ltr'>et</span> <span class='ocrx_word' id='word_1_146' title='bbox 513 1837 686 1916; x_wconf 75' lang='lat' dir='ltr'>sustineas,</span> <span class='ocrx_word' id='word_1_147' title='bbox 710 1835 868 1919; x_wconf 86' lang='lat' dir='ltr'>Anguste,</span> <span class='ocrx_word' id='word_1_148' title='bbox 895 1857 1027 1899; x_wconf 89' lang='lat' dir='ltr'>necesse</span> <span class='ocrx_word' id='word_1_149' title='bbox 1051 1843 1109 1899; x_wconf 87' lang='lat' dir='ltr'>est.</span> <span class='ocrx_word' id='word_1_150' title='bbox 1136 1869 1176 1878; x_wconf 88' lang='lat'>-</span> <span class='ocrx_word' id='word_1_151' title='bbox 1387 1829 1388 1840; x_wconf 45' lang='lat'>¹</span> 
     </span>
    </p>
   </div>
   <div class='ocr_carea' id='block_1_9' title="bbox 105 1939 1388 2133">
    <p class='ocr_par' dir='ltr' id='par_1_9' title="bbox 105 1939 1388 2133">
     <span class='ocr_line' id='line_1_17' title="bbox 153 1939 1282 2026; baseline 0.001 -22"><span class='ocrx_word' id='word_1_152' title='bbox 153 1941 322 2005; x_wconf 68' lang='lat' dir='ltr'>Statinae</span> <span class='ocrx_word' id='word_1_153' title='bbox 354 1968 396 1994; x_wconf 92' lang='lat'><strong><em>=</em></strong></span> <span class='ocrx_word' id='word_1_154' title='bbox 432 1945 575 2020; x_wconf 88' lang='lat' dir='ltr'>tolerare,</span> <span class='ocrx_word' id='word_1_155' title='bbox 612 1943 630 2005; x_wconf 88' lang='lat'>8</span> <span class='ocrx_word' id='word_1_156' title='bbox 667 1939 733 2022; x_wconf 89' lang='grc'>(46)</span> <span class='ocrx_word' id='word_1_157' title='bbox 769 1941 845 2026; x_wconf 89' lang='lat' dir='ltr'>quid</span> <span class='ocrx_word' id='word_1_158' title='bbox 884 1963 979 2019; x_wconf 91' lang='lat' dir='ltr'>nunc,</span> <span class='ocrx_word' id='word_1_159' title='bbox 1004 1943 1064 2004; x_wconf 84' lang='lat' dir='ltr'>etsi</span> <span class='ocrx_word' id='word_1_160' title='bbox 1086 1943 1149 2004; x_wconf 90' lang='lat' dir='ltr'>ista</span> <span class='ocrx_word' id='word_1_161' title='bbox 1172 1942 1282 2005; x_wconf 85' lang='lat' dir='ltr'>omnia</span> 
     </span>
     <span class='ocr_line' id='line_1_18' title="bbox 105 2039 1388 2133; baseline 0.002 -24"><span class='ocrx_word' id='word_1_162' title='bbox 105 2048 224 2130; x_wconf 85' lang='lat' dir='ltr'>ignaris</span> <span class='ocrx_word' id='word_1_163' title='bbox 259 2057 495 2133; x_wconf 74' lang='lat' dir='ltr'>praeparantur,</span> <span class='ocrx_word' id='word_1_164' title='bbox 531 2057 617 2112; x_wconf 85' lang='lat' dir='ltr'>certe</span> <span class='ocrx_word' id='word_1_165' title='bbox 648 2056 759 2133; x_wconf 86' lang='lat' dir='ltr'>postea</span> <span class='ocrx_word' id='word_1_166' title='bbox 782 2055 981 2132; x_wconf 83' lang='lat' dir='ltr'>cognoscunt</span> <span class='ocrx_word' id='word_1_167' title='bbox 1004 2055 1036 2111; x_wconf 90' lang='lat' dir='ltr'>et</span> <span class='ocrx_word' id='word_1_168' title='bbox 1057 2048 1223 2116; x_wconf 70' lang='lat' dir='ltr'>sartam</span> <span class='ocrx_word' id='word_1_169' title='bbox 1246 2055 1284 2110; x_wconf 87' lang='lat' dir='ltr'>ct</span> <span class='ocrx_word' id='word_1_170' title='bbox 1387 2039 1388 2112; x_wconf 80' lang='grc'>1</span> 
     </span>
    </p>
   </div>
   <div class='ocr_carea' id='block_1_10' title="bbox 55 2139 1388 2658">
    <p class='ocr_par' dir='ltr' id='par_1_10' title="bbox 55 2133 1388 2682">
     <span class='ocr_line' id='line_1_19' title="bbox 55 2139 1283 2238; baseline 0.002 -24"><span class='ocrx_word' id='word_1_171' title='bbox 55 2157 57 2162; x_wconf 85' lang='grc'><strong>’</strong></span> <span class='ocrx_word' id='word_1_172' title='bbox 107 2155 274 2236; x_wconf 80' lang='lat' dir='ltr'>ignorant?</span> <span class='ocrx_word' id='word_1_173' title='bbox 301 2155 340 2217; x_wconf 84' lang='lat'>15</span> <span class='ocrx_word' id='word_1_174' title='bbox 366 2151 435 2234; x_wconf 86' lang='grc'>(33)</span> <span class='ocrx_word' id='word_1_175' title='bbox 461 2163 492 2217; x_wconf 92' lang='grc'>31</span> <span class='ocrx_word' id='word_1_176' title='bbox 514 2139 788 2218; x_wconf 77' lang='lat' dir='ltr'>seesttreete&#39;sdovis</span> <span class='ocrx_word' id='word_1_177' title='bbox 802 2155 1053 2238; x_wconf 80' lang='lat' dir='ltr'>elegiacantari3</span> <span class='ocrx_word' id='word_1_178' title='bbox 1074 2155 1116 2217; x_wconf 91' lang='grc'>25</span> <span class='ocrx_word' id='word_1_179' title='bbox 1131 2149 1220 2233; x_wconf 90' lang='grc'>(164)</span> <span class='ocrx_word' id='word_1_180' title='bbox 1234 2152 1283 2216; x_wconf 81' lang='lat' dir='ltr'>Et</span> 
     </span>
     <span class='ocr_line' id='line_1_20' title="bbox 107 2237 1388 2344; baseline 0 -23"><span class='ocrx_word' id='word_1_181' title='bbox 107 2258 147 2322; x_wconf 89' lang='lat' dir='ltr'>ab</span> <span class='ocrx_word' id='word_1_182' title='bbox 181 2259 326 2322; x_wconf 80' lang='lat' dir='ltr'>hostibus</span> <span class='ocrx_word' id='word_1_183' title='bbox 350 2282 424 2344; x_wconf 82' lang='lat' dir='ltr'>ergo</span> <span class='ocrx_word' id='word_1_184' title='bbox 454 2262 519 2322; x_wconf 87' lang='lat' dir='ltr'>suis</span> <span class='ocrx_word' id='word_1_185' title='bbox 542 2261 708 2324; x_wconf 74' lang='lat' dir='ltr'>sustineret</span> <span class='ocrx_word' id='word_1_186' title='bbox 730 2259 855 2323; x_wconf 88' lang='lat' dir='ltr'>adorari</span> <span class='ocrx_word' id='word_1_187' title='bbox 868 2268 910 2323; x_wconf 89' lang='lat' dir='ltr'>-et</span> <span class='ocrx_word' id='word_1_188' title='bbox 932 2261 993 2322; x_wconf 86' lang='lat' dir='ltr'>illis</span> <span class='ocrx_word' id='word_1_189' title='bbox 1016 2261 1184 2344; x_wconf 90' lang='lat' dir='ltr'>imperium</span> <span class='ocrx_word' id='word_1_190' title='bbox 1207 2260 1282 2322; x_wconf 87' lang='grc'>3133</span> <span class='ocrx_word' id='word_1_191' title='bbox 1387 2237 1388 2254; x_wconf 35' lang='lat'>¹</span> 
     </span>
     <span class='ocr_line' id='line_1_21' title="bbox 106 2363 1277 2451; baseline 0.001 -25"><span class='ocrx_word' id='word_1_192' title='bbox 106 2365 167 2427; x_wconf 90' lang='lat' dir='ltr'>fine</span> <span class='ocrx_word' id='word_1_193' title='bbox 197 2364 371 2429; x_wconf 88' lang='lat' dir='ltr'>decernunt</span> <span class='ocrx_word' id='word_1_194' title='bbox 396 2388 465 2451; x_wconf 89' lang='lat' dir='ltr'>sqq.</span> <span class='ocrx_word' id='word_1_195' title='bbox 492 2371 540 2408; x_wconf 82' lang='grc'>-“</span> <span class='ocrx_word' id='word_1_196' title='bbox 558 2366 610 2430; x_wconf 81' lang='lat' dir='ltr'>Of.</span> <span class='ocrx_word' id='word_1_197' title='bbox 636 2365 773 2451; x_wconf 92' lang='lat' dir='ltr'>denique</span> <span class='ocrx_word' id='word_1_198' title='bbox 795 2366 936 2429; x_wconf 77' lang='lat' dir='ltr'>Rbnsch.</span> <span class='ocrx_word' id='word_1_199' title='bbox 960 2365 988 2429; x_wconf 94' lang='lat' dir='ltr'>I.</span> <span class='ocrx_word' id='word_1_200' title='bbox 1013 2388 1043 2429; x_wconf 90' lang='lat' dir='ltr'>u.</span> <span class='ocrx_word' id='word_1_201' title='bbox 1068 2363 1114 2430; x_wconf 88' lang='lat' dir='ltr'>V.</span> <span class='ocrx_word' id='word_1_202' title='bbox 1140 2387 1191 2450; x_wconf 85' lang='lat' dir='ltr'>pg.</span> <span class='ocrx_word' id='word_1_203' title='bbox 1212 2365 1277 2428; x_wconf 85' lang='lat'>381</span> 
     </span>
     <span class='ocr_line' id='line_1_22' title="bbox 108 2443 1388 2556; baseline 0.001 -23"><span class='ocrx_word' id='word_1_204' title='bbox 108 2473 242 2544; x_wconf 85' lang='grc'>31332;</span> <span class='ocrx_word' id='word_1_205' title='bbox 269 2472 311 2535; x_wconf 91' lang='lat' dir='ltr'>id.</span> <span class='ocrx_word' id='word_1_206' title='bbox 336 2471 542 2556; x_wconf 82' lang='lat' dir='ltr'>Semasiolog.</span> <span class='ocrx_word' id='word_1_207' title='bbox 567 2473 666 2537; x_wconf 90' lang='lat' dir='ltr'>Beitr.</span> <span class='ocrx_word' id='word_1_208' title='bbox 691 2473 725 2536; x_wconf 88' lang='lat' dir='ltr'>Z.</span> <span class='ocrx_word' id='word_1_209' title='bbox 750 2472 787 2536; x_wconf 94' lang='lat' dir='ltr'>L.</span> <span class='ocrx_word' id='word_1_210' title='bbox 811 2471 865 2536; x_wconf 90' lang='lat' dir='ltr'>W.</span> <span class='ocrx_word' id='word_1_211' title='bbox 890 2495 943 2556; x_wconf 81' lang='lat' dir='ltr'>pg.</span> <span class='ocrx_word' id='word_1_212' title='bbox 957 2464 1021 2534; x_wconf 74' lang='grc'>31.</span> <span class='ocrx_word' id='word_1_213' title='bbox 1387 2443 1388 2482; x_wconf 42' lang='lat'>³</span> 
     </span>
     <span class='ocr_line' id='line_1_23' title="bbox 152 2573 1284 2658; baseline 0.002 -19"><span class='ocrx_word' id='word_1_214' title='bbox 152 2573 394 2658; x_wconf 75' lang='lat' dir='ltr'>Temperare</span> <span class='ocrx_word' id='word_1_215' title='bbox 434 2579 608 2643; x_wconf 85' lang='lat' dir='ltr'>insolenter</span> <span class='ocrx_word' id='word_1_216' title='bbox 646 2578 763 2642; x_wconf 83' lang='lat' dir='ltr'>dicitur</span> <span class='ocrx_word' id='word_1_217' title='bbox 803 2579 845 2641; x_wconf 94' lang='grc'>42</span> <span class='ocrx_word' id='word_1_218' title='bbox 872 2575 963 2658; x_wconf 92' lang='grc'>(221)</span> <span class='ocrx_word' id='word_1_219' title='bbox 994 2577 1115 2641; x_wconf 90' lang='lat' dir='ltr'>nullum</span> <span class='ocrx_word' id='word_1_220' title='bbox 1139 2577 1284 2642; x_wconf 81' lang='lat' dir='ltr'>fructum</span> 
     </span>
    </p>
   </div>
   <div class='ocr_carea' id='block_1_11' title="bbox 107 2683 1388 2769">
    <p class='ocr_par' dir='ltr' id='par_1_11' title="bbox 107 2683 1388 2769">
     <span class='ocr_line' id='line_1_24' title="bbox 107 2683 1388 2769; baseline 0.001 -23"><span class='ocrx_word' id='word_1_221' title='bbox 107 2704 237 2767; x_wconf 87' lang='lat' dir='ltr'>operum</span> <span class='ocrx_word' id='word_1_222' title='bbox 273 2687 340 2748; x_wconf 89' lang='lat' dir='ltr'>eius</span> <span class='ocrx_word' id='word_1_223' title='bbox 368 2685 587 2769; x_wconf 84' lang='lat' dir='ltr'>repudiamus3</span> <span class='ocrx_word' id='word_1_224' title='bbox 612 2685 705 2769; x_wconf 91' lang='lat' dir='ltr'>plane</span> <span class='ocrx_word' id='word_1_225' title='bbox 730 2690 957 2767; x_wconf 77' lang='lat' dir='ltr'>temperamus,</span> <span class='ocrx_word' id='word_1_226' title='bbox 981 2684 1126 2747; x_wconf 86' lang='lat' dir='ltr'>neultra</span> <span class='ocrx_word' id='word_1_227' title='bbox 1150 2683 1286 2747; x_wconf 90' lang='lat' dir='ltr'>modum</span> <span class='ocrx_word' id='word_1_228' title='bbox 1387 2689 1388 2692; x_wconf 72' lang='grc'>’</span> 
     </span>
    </p>
   </div>
   <div class='ocr_carea' id='block_1_12' title="bbox 107 2786 1284 2876">
    <p class='ocr_par' dir='ltr' id='par_1_12' title="bbox 107 2786 1284 2876">
     <span class='ocr_line' id='line_1_25' title="bbox 107 2786 1284 2876; baseline 0 -22"><span class='ocrx_word' id='word_1_229' title='bbox 107 2798 162 2854; x_wconf 86' lang='grc'>331</span> <span class='ocrx_word' id='word_1_230' title='bbox 203 2813 369 2876; x_wconf 88' lang='lat' dir='ltr'>perperam</span> <span class='ocrx_word' id='word_1_231' title='bbox 413 2798 547 2854; x_wconf 87' lang='lat' dir='ltr'>utamur.</span> <span class='ocrx_word' id='word_1_232' title='bbox 584 2792 626 2854; x_wconf 91' lang='grc'>33</span> <span class='ocrx_word' id='word_1_233' title='bbox 662 2786 751 2871; x_wconf 82' lang='grc'>(179)</span> <span class='ocrx_word' id='word_1_234' title='bbox 785 2788 842 2852; x_wconf 86' lang='lat' dir='ltr'>sed</span> <span class='ocrx_word' id='word_1_235' title='bbox 866 2791 961 2852; x_wconf 89' lang='lat' dir='ltr'>etiam</span> <span class='ocrx_word' id='word_1_236' title='bbox 985 2789 1071 2872; x_wconf 91' lang='lat' dir='ltr'>quod</span> <span class='ocrx_word' id='word_1_237' title='bbox 1095 2795 1284 2872; x_wconf 80' lang='lat' dir='ltr'>temperares</span> 
     </span>
    </p>
   </div>
   <div class='ocr_carea' id='block_1_13' title="bbox 106 2894 1388 2979">
    <p class='ocr_par' dir='ltr' id='par_1_13' title="bbox 106 2894 1388 2979">
     <span class='ocr_line' id='line_1_26' title="bbox 106 2894 1388 2979; baseline -0.001 -20"><span class='ocrx_word' id='word_1_238' title='bbox 106 2898 306 2960; x_wconf 87' lang='lat' dir='ltr'>maiestatem</span> <span class='ocrx_word' id='word_1_239' title='bbox 340 2896 487 2962; x_wconf 80' lang='lat' dir='ltr'>Caesaris</span> <span class='ocrx_word' id='word_1_240' title='bbox 522 2897 606 2960; x_wconf 85' lang='lat' dir='ltr'>inira</span> <span class='ocrx_word' id='word_1_241' title='bbox 640 2895 734 2959; x_wconf 85' lang='lat' dir='ltr'>deum</span> <span class='ocrx_word' id='word_1_242' title='bbox 758 2897 858 2979; x_wconf 85' lang='lat' dir='ltr'>magis</span> <span class='ocrx_word' id='word_1_243' title='bbox 882 2895 971 2957; x_wconf 91' lang='lat' dir='ltr'>illum</span> <span class='ocrx_word' id='word_1_244' title='bbox 994 2894 1182 2958; x_wconf 90' lang='lat' dir='ltr'>commendo</span> <span class='ocrx_word' id='word_1_245' title='bbox 1206 2894 1282 2974; x_wconf 85' lang='lat' dir='ltr'>dec,</span> <span class='ocrx_word' id='word_1_246' title='bbox 1387 2967 1388 2970; x_wconf 8' lang='grc' dir='ltr'><strong>Ἴ</strong></span> 
     </span>
    </p>
   </div>
   <div class='ocr_carea' id='block_1_14' title="bbox 16 2985 1388 3934">
    <p class='ocr_par' dir='ltr' id='par_1_14' title="bbox 16 2985 1388 3934">
     <span class='ocr_line' id='line_1_27' title="bbox 108 2985 1388 3086; baseline -0.006 -20"><span class='ocrx_word' id='word_1_247' title='bbox 108 3005 159 3066; x_wconf 89' lang='grc'>331</span> <span class='ocrx_word' id='word_1_248' title='bbox 191 3003 250 3066; x_wconf 86' lang='grc'>3311</span> <span class='ocrx_word' id='word_1_249' title='bbox 285 3003 429 3068; x_wconf 81' lang='lat' dir='ltr'>subiicio.</span> <span class='ocrx_word' id='word_1_250' title='bbox 462 3005 480 3066; x_wconf 99' lang='grc'>2</span> <span class='ocrx_word' id='word_1_251' title='bbox 507 3000 574 3083; x_wconf 94' lang='grc'>(16)</span> <span class='ocrx_word' id='word_1_252' title='bbox 599 3000 696 3086; x_wconf 87' lang='lat' dir='ltr'>Apud</span> <span class='ocrx_word' id='word_1_253' title='bbox 720 3010 871 3086; x_wconf 89' lang='lat' dir='ltr'>tyrannos</span> <span class='ocrx_word' id='word_1_254' title='bbox 896 3003 980 3064; x_wconf 88' lang='lat' dir='ltr'>enim</span> <span class='ocrx_word' id='word_1_255' title='bbox 1003 3007 1160 3064; x_wconf 87' lang='lat' dir='ltr'>tormenta</span> <span class='ocrx_word' id='word_1_256' title='bbox 1183 3001 1283 3062; x_wconf 86' lang='lat' dir='ltr'>etiam</span> <span class='ocrx_word' id='word_1_257' title='bbox 1387 2985 1388 3058; x_wconf 62' lang='grc' dir='ltr'>ζ</span> 
     </span>
     <span class='ocr_line' id='line_1_28' title="bbox 107 3107 1281 3195; baseline -0.003 -23"><span class='ocrx_word' id='word_1_258' title='bbox 107 3131 164 3194; x_wconf 89' lang='lat' dir='ltr'>pro</span> <span class='ocrx_word' id='word_1_259' title='bbox 198 3131 302 3195; x_wconf 92' lang='lat' dir='ltr'>poena</span> <span class='ocrx_word' id='word_1_260' title='bbox 325 3109 566 3186; x_wconf 86' lang='lat' dir='ltr'>adhibebantur,</span> <span class='ocrx_word' id='word_1_261' title='bbox 591 3107 676 3192; x_wconf 89' lang='lat' dir='ltr'>apud</span> <span class='ocrx_word' id='word_1_262' title='bbox 700 3130 758 3171; x_wconf 89' lang='lat' dir='ltr'>vos</span> <span class='ocrx_word' id='word_1_263' title='bbox 782 3109 842 3171; x_wconf 90' lang='lat' dir='ltr'>soli</span> <span class='ocrx_word' id='word_1_264' title='bbox 865 3109 1043 3192; x_wconf 86' lang='lat' dir='ltr'>quaestioni</span> <span class='ocrx_word' id='word_1_265' title='bbox 1068 3111 1281 3189; x_wconf 80' lang='lat' dir='ltr'>temperatur.</span> 
     </span>
     <span class='ocr_line' id='line_1_29' title="bbox 107 3212 1283 3298; baseline -0.002 -21"><span class='ocrx_word' id='word_1_266' title='bbox 107 3216 149 3277; x_wconf 91' lang='grc'>22</span> <span class='ocrx_word' id='word_1_267' title='bbox 175 3212 265 3296; x_wconf 87' lang='grc'>(139)</span> <span class='ocrx_word' id='word_1_268' title='bbox 288 3215 329 3278; x_wconf 92' lang='lat' dir='ltr'>In</span> <span class='ocrx_word' id='word_1_269' title='bbox 352 3215 487 3285; x_wconf 87' lang='lat' dir='ltr'>oraculis</span> <span class='ocrx_word' id='word_1_270' title='bbox 511 3221 617 3278; x_wconf 89' lang='lat' dir='ltr'>antem</span> <span class='ocrx_word' id='word_1_271' title='bbox 640 3235 703 3297; x_wconf 91' lang='lat' dir='ltr'>quo</span> <span class='ocrx_word' id='word_1_272' title='bbox 719 3216 846 3298; x_wconf 86' lang='lat' dir='ltr'>ingenio</span> <span class='ocrx_word' id='word_1_273' title='bbox 863 3214 1085 3298; x_wconf 81' lang='lat' dir='ltr'>ambiguitates</span> <span class='ocrx_word' id='word_1_274' title='bbox 1103 3219 1283 3295; x_wconf 75' lang='lat' dir='ltr'>temperent</span> 
     </span>
     <span class='ocr_line' id='line_1_30' title="bbox 106 3316 1282 3403; baseline -0.003 -20"><span class='ocrx_word' id='word_1_275' title='bbox 106 3323 139 3384; x_wconf 92' lang='lat' dir='ltr'>in</span> <span class='ocrx_word' id='word_1_276' title='bbox 175 3329 309 3386; x_wconf 84' lang='lat' dir='ltr'>eventus</span> <span class='ocrx_word' id='word_1_277' title='bbox 345 3325 448 3386; x_wconf 87' lang='lat' dir='ltr'>sciunt</span> <span class='ocrx_word' id='word_1_278' title='bbox 482 3320 603 3398; x_wconf 87' lang='lat' dir='ltr'>Croesi,</span> <span class='ocrx_word' id='word_1_279' title='bbox 638 3322 744 3383; x_wconf 87' lang='lat' dir='ltr'>sciunt</span> <span class='ocrx_word' id='word_1_280' title='bbox 766 3319 889 3403; x_wconf 89' lang='lat' dir='ltr'>Pyrrhi.</span> <span class='ocrx_word' id='word_1_281' title='bbox 913 3320 955 3383; x_wconf 81' lang='lat'>47</span> <span class='ocrx_word' id='word_1_282' title='bbox 981 3316 1073 3401; x_wconf 89' lang='grc'>(242)</span> <span class='ocrx_word' id='word_1_283' title='bbox 1097 3318 1142 3380; x_wconf 84' lang='lat' dir='ltr'>Et</span> <span class='ocrx_word' id='word_1_284' title='bbox 1164 3318 1191 3380; x_wconf 87' lang='lat' dir='ltr'>si</span> <span class='ocrx_word' id='word_1_285' title='bbox 1215 3339 1282 3382; x_wconf 88' lang='lat' dir='ltr'>non</span> 
     </span>
     <span class='ocr_line' id='line_1_31' title="bbox 108 3424 1282 3510; baseline -0.004 -19"><span class='ocrx_word' id='word_1_286' title='bbox 108 3450 187 3491; x_wconf 86' lang='lat' dir='ltr'>onus</span> <span class='ocrx_word' id='word_1_287' title='bbox 223 3431 285 3492; x_wconf 91' lang='lat' dir='ltr'>iam</span> <span class='ocrx_word' id='word_1_288' title='bbox 320 3428 489 3491; x_wconf 88' lang='lat' dir='ltr'>voluminis</span> <span class='ocrx_word' id='word_1_289' title='bbox 522 3432 742 3510; x_wconf 83' lang='lat' dir='ltr'>temperarem,</span> <span class='ocrx_word' id='word_1_290' title='bbox 768 3448 967 3490; x_wconf 82' lang='lat' dir='ltr'>excurrerem</span> <span class='ocrx_word' id='word_1_291' title='bbox 990 3427 1023 3487; x_wconf 93' lang='lat' dir='ltr'>in</span> <span class='ocrx_word' id='word_1_292' title='bbox 1046 3424 1129 3488; x_wconf 89' lang='lat' dir='ltr'>hanc</span> <span class='ocrx_word' id='word_1_293' title='bbox 1152 3444 1282 3507; x_wconf 91' lang='lat' dir='ltr'>quoque</span> 
     </span>
     <span class='ocr_line' id='line_1_32' title="bbox 107 3529 1280 3618; baseline -0.003 -22"><span class='ocrx_word' id='word_1_294' title='bbox 107 3533 336 3618; x_wconf 89' lang='lat' dir='ltr'>probationem.</span> <span class='ocrx_word' id='word_1_295' title='bbox 362 3532 414 3596; x_wconf 85' lang='lat' dir='ltr'>Ci.</span> <span class='ocrx_word' id='word_1_296' title='bbox 440 3531 479 3596; x_wconf 90' lang='lat' dir='ltr'>ad</span> <span class='ocrx_word' id='word_1_297' title='bbox 503 3533 592 3596; x_wconf 87' lang='lat' dir='ltr'>Natt.</span> <span class='ocrx_word' id='word_1_298' title='bbox 616 3532 644 3596; x_wconf 92' lang='lat' dir='ltr'>I.</span> <span class='ocrx_word' id='word_1_299' title='bbox 673 3534 711 3595; x_wconf 98' lang='grc'>12</span> <span class='ocrx_word' id='word_1_300' title='bbox 738 3529 828 3613; x_wconf 93' lang='grc'>(312)</span> <span class='ocrx_word' id='word_1_301' title='bbox 852 3554 966 3617; x_wconf 90' lang='lat' dir='ltr'>nempe</span> <span class='ocrx_word' id='word_1_302' title='bbox 984 3530 1031 3595; x_wconf 91' lang='lat' dir='ltr'>de</span> <span class='ocrx_word' id='word_1_303' title='bbox 1049 3530 1151 3594; x_wconf 89' lang='lat' dir='ltr'>olivae</span> <span class='ocrx_word' id='word_1_304' title='bbox 1164 3530 1280 3594; x_wconf 89' lang='lat' dir='ltr'>nucleo</span> 
     </span>
     <span class='ocr_line' id='line_1_33' title="bbox 108 3636 1281 3723; baseline -0.005 -20"><span class='ocrx_word' id='word_1_305' title='bbox 108 3646 139 3703; x_wconf 87' lang='lat' dir='ltr'>et</span> <span class='ocrx_word' id='word_1_306' title='bbox 177 3661 259 3702; x_wconf 85' lang='lat' dir='ltr'>nuce</span> <span class='ocrx_word' id='word_1_307' title='bbox 282 3639 409 3722; x_wconf 82' lang='lat' dir='ltr'>persici</span> <span class='ocrx_word' id='word_1_308' title='bbox 444 3647 477 3701; x_wconf 89' lang='lat' dir='ltr'>et</span> <span class='ocrx_word' id='word_1_309' title='bbox 509 3660 608 3722; x_wconf 85' lang='lat' dir='ltr'>grano</span> <span class='ocrx_word' id='word_1_310' title='bbox 643 3640 761 3723; x_wconf 90' lang='lat' dir='ltr'>piperis</span> <span class='ocrx_word' id='word_1_311' title='bbox 797 3638 964 3702; x_wconf 89' lang='lat' dir='ltr'>subterra</span> <span class='ocrx_word' id='word_1_312' title='bbox 988 3642 1161 3720; x_wconf 82' lang='lat' dir='ltr'>temperato</span> <span class='ocrx_word' id='word_1_313' title='bbox 1185 3636 1281 3700; x_wconf 91' lang='lat' dir='ltr'>arbor</span> 
     </span>
     <span class='ocr_line' id='line_1_34' title="bbox 109 3741 1279 3828; baseline -0.003 -21"><span class='ocrx_word' id='word_1_314' title='bbox 109 3746 251 3827; x_wconf 82' lang='lat' dir='ltr'>exsurgit</span> <span class='ocrx_word' id='word_1_315' title='bbox 284 3745 317 3805; x_wconf 91' lang='lat' dir='ltr'>in</span> <span class='ocrx_word' id='word_1_316' title='bbox 339 3765 443 3806; x_wconf 88' lang='lat' dir='ltr'>ramos</span> <span class='ocrx_word' id='word_1_317' title='bbox 468 3765 557 3827; x_wconf 85' lang='lat' dir='ltr'>sqq.;</span> <span class='ocrx_word' id='word_1_318' title='bbox 585 3743 626 3808; x_wconf 94' lang='lat' dir='ltr'>ad</span> <span class='ocrx_word' id='word_1_319' title='bbox 649 3743 740 3828; x_wconf 80' lang='grc' dir='ltr'>11311.Ι</span> <span class='ocrx_word' id='word_1_320' title='bbox 760 3744 789 3808; x_wconf 89' lang='grc' dir='ltr'>Ι,</span> <span class='ocrx_word' id='word_1_321' title='bbox 815 3747 833 3807; x_wconf 93' lang='grc'>2</span> <span class='ocrx_word' id='word_1_322' title='bbox 859 3741 1058 3824; x_wconf 60' lang='lat' dir='ltr'>(ara-Nam</span> <span class='ocrx_word' id='word_1_323' title='bbox 1082 3749 1114 3805; x_wconf 88' lang='lat' dir='ltr'>et</span> <span class='ocrx_word' id='word_1_324' title='bbox 1136 3741 1279 3826; x_wconf 90' lang='lat' dir='ltr'>plerique</span> 
     </span>
     <span class='ocr_line' id='line_1_35' title="bbox 16 3845 1113 3934; baseline 0 -23"><span class='ocrx_word' id='word_1_325' title='bbox 16 3917 17 3920; x_wconf 8' lang='grc' dir='ltr'><strong>Ἴ</strong></span> <span class='ocrx_word' id='word_1_326' title='bbox 109 3848 204 3912; x_wconf 91' lang='lat' dir='ltr'>fidem</span> <span class='ocrx_word' id='word_1_327' title='bbox 225 3849 336 3913; x_wconf 82' lang='lat' dir='ltr'>talium</span> <span class='ocrx_word' id='word_1_328' title='bbox 360 3854 549 3932; x_wconf 85' lang='lat' dir='ltr'>temperaret,</span> <span class='ocrx_word' id='word_1_329' title='bbox 575 3873 643 3934; x_wconf 91' lang='lat' dir='ltr'>sqq.</span> <span class='ocrx_word' id='word_1_330' title='bbox 670 3847 724 3931; x_wconf 70' lang='grc' dir='ltr'>(τ-</span> <span class='ocrx_word' id='word_1_331' title='bbox 747 3853 904 3928; x_wconf 78' lang='lat' dir='ltr'>minuere,</span> <span class='ocrx_word' id='word_1_332' title='bbox 926 3845 1113 3929; x_wconf 78' lang='lat' dir='ltr'>detrahere).</span> 
     </span>
    </p>
   </div>
   <div class='ocr_carea' id='block_1_15' title="bbox 16 3950 1388 4038">
    <p class='ocr_par' dir='ltr' id='par_1_15' title="bbox 16 3950 1388 4038">
     <span class='ocr_line' id='line_1_36' title="bbox 16 3950 1388 4038; baseline -0.004 -18"><span class='ocrx_word' id='word_1_333' title='bbox 16 3955 17 4020; x_wconf 69' lang='grc' dir='ltr'>ζ</span> <span class='ocrx_word' id='word_1_334' title='bbox 154 3951 469 4034; x_wconf 73' lang='lat' dir='ltr'>Transfigurare,</span> <span class='ocrx_word' id='word_1_335' title='bbox 507 3957 545 4018; x_wconf 99' lang='grc'>12</span> <span class='ocrx_word' id='word_1_336' title='bbox 576 3953 642 4037; x_wconf 93' lang='grc'>(69)</span> <span class='ocrx_word' id='word_1_337' title='bbox 678 3957 807 4021; x_wconf 86' lang='grc'>11333113</span> <span class='ocrx_word' id='word_1_338' title='bbox 837 3959 912 4021; x_wconf 79' lang='lat' dir='ltr'>a1tis</span> <span class='ocrx_word' id='word_1_339' title='bbox 938 3955 1214 4038; x_wconf 59' lang='grc'>3333693333)</span> <span class='ocrx_word' id='word_1_340' title='bbox 1237 3950 1278 4017; x_wconf 84' lang='grc'>31.</span> <span class='ocrx_word' id='word_1_341' title='bbox 1387 3959 1388 3962; x_wconf 74' lang='grc'>’</span> 
     </span>
    </p>
   </div>
   <div class='ocr_carea' id='block_1_16' title="bbox 0 0 1410 4492">
    <p class='ocr_par' dir='ltr' id='par_1_16' title="bbox 0 0 1410 4492">
     <span class='ocr_line' id='line_1_37' title="bbox 0 0 1410 4492; baseline 0 0"><span class='ocrx_word' id='word_1_342' title='bbox 0 0 1410 4492; x_wconf 95' lang='lat' dir='ltr'> </span> 
     </span>
    </p>
   </div>
  </div>
 </body>
</html>
