2808 4492
559 189 562 192 ’
632 183 694 246 153

81 384 124 438 est
161 377 293 462 quidem
323 379 543 463 praescribere
578 378 672 441 nihil·
691 379 759 442 fieri
792 381 862 442 sine
892 378 944 442 dei
981 378 1156 443 volimtate.
1191 379 1243 442 De

82 481 202 546 Resurr.
238 486 342 548 cuniis
376 486 417 549 57
454 483 509 566 (Ο.
543 484 590 570 Π.
622 507 653 569 p.
679 484 756 564 544)
781 484 1008 548 Praescribens
1032 486 1116 547 enim
1138 485 1243 550 adhuc

83 590 203 654 easdem
235 593 401 676 passiones
432 591 589 657 obituram
612 614 749 670 carnem,
775 613 845 676 sqq.
870 589 957 654 Adv.
981 589 1118 654 Iudaeos
1143 592 1163 654 3
1189 588 1243 672 (Ο.

81 693 119 759 H.
152 719 183 782 p.
211 696 287 779 705)
312 697 559 762 Consideremus
582 701 689 783 itaque
714 698 799 783 quod
822 720 886 764 non
911 699 1051 783 potuerit
1074 698 1168 761 unius
1193 700 1242 762 in-

81 800 169 866 fantis
193 812 306 868 coacta
328 806 528 869 circumcisio
552 807 638 868 omni
663 805 779 890 populo
798 804 1017 887 praescribere
1040 826 1110 888 sqq.

119 908 359 975 substantivum
388 911 637 995 „praescriptio”
665 937 708 965 =
729 912 982 994 praescriptam,
1008 912 1057 974 terr
1089 915 1245 997 repentur

82 1015 117 1078 ad
137 1017 226 1082 Natt.
250 1017 278 1081 I.
306 1019 346 1081 12
366 1019 583 1102 praescriptio
607 1018 768 1082 naturalis.

118 1123 335 1208 praescriptio
369 1149 412 1177 =
444 1127 594 1190 obinata
623 1147 689 1208 qna
720 1145 796 1188 rens
820 1124 1004 1188 adriersarii
1026 1109 1244 1215 intentionenr

80 1237 250 1314 oppnpnat,
273 1232 425 1314 receptio,
460 1232 627 1315 defensio:
661 1231 702 1295 ad
734 1232 823 1295 Nati.
862 1230 909 1294 Π.
938 1233 954 1294 1
981 1227 1070 1311 (333)
1095 1230 1244 1315 Denique

81 1337 106 1396 si
125 1345 244 1402 tantam
269 1325 512 1423 perversitatem
535 1360 598 1402 una
616 1339 875 1422 praescriptione
897 1337 1014 1401 discuti
1038 1338 1156 1416 liceret,
1173 1358 1245 1421 sqq.

82 1437 123 1503 Π.
144 1444 182 1505 12
204 1440 296 1524 (384)
317 1443 475 1508 Tenemus
489 1445 722 1530 compendium,
735 1447 769 1508 in
784 1452 907 1508 eeteros
920 1445 1050 1527 originis
1058 1443 1245 1526 praescrip-

83 1546 203 1626 tionern,
228 1573 269 1614 ne
293 1573 350 1636 per
373 1551 514 1635 singulos
539 1573 719 1635 evagemur.
933 1631 934 1634 Ἴ

122 1651 423 1738 Praestringere
461 1659 620 1721 :obiter
643 1663 782 1740 tanpere,
807 1677 985 1720 rnentcrare
1011 1657 1050 1718 13
1076 1652 1144 1736 (72)
1168 1677 1241 1718 nam

26 1743 28 1753 Α
84 1766 115 1820 ut
135 1783 228 1848 supra
246 1763 539 1846 praesumsimus,
564 1785 634 1847 sqq.
660 1764 903 1845 Praestrinpere
925 1787 968 1815 =
989 1762 1172 1844 continpcre
1200 1761 1241 1822 41

84 1860 166 1948 (219)
201 1867 267 1932 Sed
301 1872 361 1933 etsi
393 1870 499 1954 aliqua
533 1891 591 1933 nos
627 1891 753 1954 quoque
788 1869 1041 1952 praestrinpnnt
1073 1875 1109 1931 ut
1146 1865 1240 1931 vobis

85 1971 294 2052 cohaerentes
319 1997 389 2060 sqq.

123 2076 380 2146 Praestruere
415 2082 456 2146 35
482 2078 573 2163 (188)
597 2103 693 2165 quam
715 2081 942 2145 recentissimis
967 2087 999 2142 et
1021 2079 1244 2142 ramosissimis

81 2180 188 2250 laureis
223 2197 332 2273 postes
351 2188 614 2272 praestruebant,
640 2211 710 2272 sqq.
735 2184 892 2268 471241)
917 2187 1076 2269 antiquior
1098 2183 1244 2247 omnibus

22 2289 23 2368 (
83 2279 1244 2382 1161116611161161161,6111661611ιί610116116511ᾳυὶ16661666166616(1111ηᾶ6

22 2431 23 2464 ι
81 2394 278 2465 litteraturae.
303 2405 523 2484 (praestricta
546 2426 589 2453 =
611 2395 687 2464 crite
699 2401 902 2484 crpnntentis
914 2397 1076 2482 firmata).
1090 2396 1145 2461 Ad
1154 2398 1243 2460 Natt.

22 2517 24 2562 1
80 2499 123 2564 Π.
147 2505 165 2566 3
189 2503 279 2587 (339)
309 2528 410 2591 aeque
444 2506 692 2570 demonstrando
727 2507 883 2570 elementa
912 2505 988 2569 deos
1013 2527 1077 2568 non
1109 2525 1179 2567 esse
1203 2502 1243 2567 ad

80 2607 161 2672 iliam
195 2620 381 2696 agnatorum
417 2615 557 2698 speciem
586 2619 834 2696 praestruentes
864 2620 950 2676 recte
984 2611 1062 2675 deos
1086 2633 1148 2674 non
1174 2632 1244 2674 esse

81 2712 205 2782 defendi
234 2741 368 2804 quorum
402 2729 560 2805 parentes
593 2720 626 2784 id
659 2729 708 2784 est
732 2720 897 2797 elementa,
921 2719 973 2783 dei
997 2741 1061 2782 non
1085 2725 1168 2781 suut.
1196 2716 1243 2780 H.

84 2821 120 2882 12
155 2819 243 2907 (383)
280 2826 399 2890 Adhuc
422 2826 463 2890 de
487 2825 624 2890 Saturno
650 2827 841 2900 immorabor
864 2848 927 2911 quo
951 2834 983 2890 et
1009 2827 1124 2890 ceteris
1156 2846 1244 2888 com-

81 2929 226 3010 pendium
245 2938 466 3017 praestruam.

122 3032 382 3103 Praesumerc
416 3064 459 3095 =
492 3045 589 3104 antec
627 3041 770 3123 opinari,
809 3041 974 3104 coniicere.
1013 3041 1039 3103 2.
1069 3034 1137 3118 (14)
1162 3029 1244 3100 Cum

79 3146 293 3222 praesumatis
331 3145 372 3209 de
411 3146 584 3210 sceleribus
623 3148 738 3210 nostris
777 3167 817 3213 ex
854 3147 991 3210 nominis
1030 3143 1244 3208 confessione.

83 3247 121 3309 16
156 3245 220 3332 (88)
255 3251 366 3335 Atque
399 3253 443 3316 ita
474 3252 548 3317 inde
567 3258 821 3336 praesumptam
843 3255 957 3337 opinor
978 3273 1037 3315 nos
1061 3271 1187 3335 quoque
1210 3257 1247 3312 ut

79 3350 225 3420 Iudaicae
247 3357 410 3442 religionis
433 3361 629 3444 propinquos
653 3359 757 3423 eidem
773 3359 941 3423 simulacro
957 3359 1083 3422 initiari.
1098 3358 1139 3419 21
1154 3352 1257 3437 (116)·

80 3456 200 3526 Verum
233 3486 338 3548 neque
369 3463 413 3528 de
447 3463 575 3529 Christo
598 3465 824 3547 erubescimus,
849 3488 923 3529 cum
944 3464 1003 3528 sub
1026 3465 1154 3526 nomine
1178 3463 1245 3526 eius

22 3653 23 3658 η
79 3565 220 3650 deputari
254 3580 287 3634 et
315 3571 458 3642 damnari
480 3574 579 3650 iuvat,
604 3594 707 3656 neque
730 3571 770 3635 de
794 3570 855 3635 deo
878 3571 970 3634 aliter
986 3570 1245 3653 praesumimus.

22 3719 23 3746 .
79 3671 133 3736 Cf.
155 3673 229 3742 Tac.
254 3678 296 3741 A.
323 3680 374 3742 12.
399 3679 461 3742 41:
485 3678 645 3743 fortunam
661 3680 825 3764 utriusque
838 3697 1061 3760 praesumere·
1075 3675 1147 3739 Iust
1159 3677 1190 3741 6.
1203 3678 1245 3742 2:

22 3787 24 3858 Q
79 3783 254 3864 graviorem
286 3780 432 3849 militiam
463 3808 688 3864 praesternere·
721 3786 809 3871 App.
845 3785 926 3848 Met.
956 3784 985 3846 7.
1010 3807 1041 3868 p.
1067 3784 1142 3847 200.
1168 3784 1186 3846 8
1212 3805 1246 3846 se

22 3875 24 3950 i
80 3887 277 3954 innocentem
294 3913 522 3975 praesumere·
543 3892 631 3978 App.
655 3892 736 3955 Met.
761 3893 791 3956 5.
816 3915 847 3976 p.
874 3891 947 3955 172.
971 3892 1005 3953 2:
1014 3890 1203 3973 praesnrnis
1215 3897 1246 3952 te

22 4087 29 4148 ,
81 3992 181 4060 solum
191 4018 378 4080 generosum
393 4020 453 4062 nec
469 4020 519 4062 me
532 4020 627 4084 posse
639 4004 718 4074 cet.;
732 3997 775 4062 cf.
787 3998 863 4081 Dig.
878 3998 930 4060 31.
947 3997 975 4060 1.
990 3997 1046 4073 67;
1060 3997 1112 4060 48.
1128 3996 1179 4060 10.
1195 3995 1245 4058 18.
