<?xml version="1.0" encoding="UTF-8"?>
<!DOCTYPE html PUBLIC "-//W3C//DTD XHTML 1.0 Transitional//EN"
    "http://www.w3.org/TR/xhtml1/DTD/xhtml1-transitional.dtd">
<html xmlns="http://www.w3.org/1999/xhtml" xml:lang="en" lang="en">
 <head>
  <title>
</title>
<meta http-equiv="Content-Type" content="text/html;charset=utf-8" />
  <meta name='ocr-system' content='tesseract 3.04.00' />
  <meta name='ocr-capabilities' content='ocr_page ocr_carea ocr_par ocr_line ocrx_word'/>
</head>
<body>
  <div class='ocr_page' id='page_1' title='image "./delatinitatequa01blokgoog_0012.png"; bbox 0 0 2788 4500; ppageno 0'>
   <div class='ocr_carea' id='block_1_1' title="bbox 490 883 903 962">
    <p class='ocr_par' dir='ltr' id='par_1_1' title="bbox 490 883 903 962">
     <span class='ocr_line' id='line_1_1' title="bbox 490 883 903 962; baseline 0.01 -4"><span class='ocrx_word' id='word_1_1' title='bbox 490 883 903 962; x_wconf 76' lang='lat' dir='ltr'><strong>Panuanrro‘</strong></span> 
     </span>
    </p>
   </div>
   <div class='ocr_carea' id='block_1_2' title="bbox 608 1091 767 1100">
    <p class='ocr_par' dir='ltr' id='par_1_2' title="bbox 608 1091 767 1100">
     <span class='ocr_line' id='line_1_2' title="bbox 608 1091 767 1100; baseline 0.006 -1"><span class='ocrx_word' id='word_1_2' title='bbox 608 1091 767 1100; x_wconf 79' lang='lat'><strong>———</strong></span> 
     </span>
    </p>
   </div>
   <div class='ocr_carea' id='block_1_3' title="bbox 73 1253 1275 3169">
    <p class='ocr_par' dir='ltr' id='par_1_3' title="bbox 95 1253 1273 1987">
     <span class='ocr_line' id='line_1_3' title="bbox 99 1253 1273 1361; baseline 0.002 -33"><span class='ocrx_word' id='word_1_3' title='bbox 99 1339 112 1361; x_wconf 86' lang='lat'><strong><em>.</em></strong></span> <span class='ocrx_word' id='word_1_4' title='bbox 179 1268 360 1329; x_wconf 82' lang='lat' dir='ltr'><strong>Academiae</strong></span> <span class='ocrx_word' id='word_1_5' title='bbox 398 1269 612 1332; x_wconf 83' lang='lat' dir='ltr'><strong>Ult&#39;raiectinae</strong></span> <span class='ocrx_word' id='word_1_6' title='bbox 650 1253 849 1331; x_wconf 69' lang='lat' dir='ltr'>valedicturus</span> <span class='ocrx_word' id='word_1_7' title='bbox 887 1270 993 1343; x_wconf 90' lang='lat' dir='ltr'><strong>Vobis,</strong></span> <span class='ocrx_word' id='word_1_8' title='bbox 1033 1271 1086 1332; x_wconf 91' lang='lat' dir='ltr'><strong>viri</strong></span> <span class='ocrx_word' id='word_1_9' title='bbox 1116 1271 1273 1332; x_wconf 84' lang='lat' dir='ltr'><strong>clarissimi</strong></span> 
     </span>
     <span class='ocr_line' id='line_1_4' title="bbox 96 1373 1272 1457; baseline 0.004 -23"><span class='ocrx_word' id='word_1_10' title='bbox 96 1373 141 1434; x_wconf 94' lang='lat' dir='ltr'><strong>H.</strong></span> <span class='ocrx_word' id='word_1_11' title='bbox 170 1391 237 1435; x_wconf 78' lang='lat' dir='ltr'><strong>vnn</strong></span> <span class='ocrx_word' id='word_1_12' title='bbox 265 1375 492 1449; x_wconf 79' lang='lat' dir='ltr'><strong>Hnnwunuarv,</strong></span> <span class='ocrx_word' id='word_1_13' title='bbox 522 1376 556 1437; x_wconf 81' lang='grc' dir='ltr'><strong>Ο.</strong></span> <span class='ocrx_word' id='word_1_14' title='bbox 583 1377 627 1437; x_wconf 94' lang='lat' dir='ltr'><strong>M.</strong></span> <span class='ocrx_word' id='word_1_15' title='bbox 656 1377 850 1449; x_wconf 67' lang='lat' dir='ltr'><strong>Faunorum</strong></span> <span class='ocrx_word' id='word_1_16' title='bbox 877 1377 908 1438; x_wconf 88' lang='lat' dir='ltr'><strong>J.</strong></span> <span class='ocrx_word' id='word_1_17' title='bbox 931 1377 969 1437; x_wconf 92' lang='lat' dir='ltr'><strong>A.</strong></span> <span class='ocrx_word' id='word_1_18' title='bbox 991 1377 1141 1451; x_wconf 66' lang='lat' dir='ltr'><strong>Wramm</strong></span> <span class='ocrx_word' id='word_1_19' title='bbox 1163 1380 1272 1457; x_wconf 82' lang='lat' dir='ltr'><strong>gratias</strong></span> 
     </span>
     <span class='ocr_line' id='line_1_5' title="bbox 96 1482 1273 1566; baseline 0.005 -26"><span class='ocrx_word' id='word_1_20' title='bbox 96 1482 189 1542; x_wconf 86' lang='lat' dir='ltr'><strong>iustas</strong></span> <span class='ocrx_word' id='word_1_21' title='bbox 220 1493 303 1562; x_wconf 89' lang='lat' dir='ltr'><strong>grato</strong></span> <span class='ocrx_word' id='word_1_22' title='bbox 335 1484 434 1543; x_wconf 83' lang='lat' dir='ltr'><strong>animo</strong></span> <span class='ocrx_word' id='word_1_23' title='bbox 462 1504 535 1562; x_wconf 85' lang='lat' dir='ltr'><strong>ag03</strong></span> <span class='ocrx_word' id='word_1_24' title='bbox 564 1483 671 1564; x_wconf 88' lang='lat' dir='ltr'><strong>quibus</strong></span> <span class='ocrx_word' id='word_1_25' title='bbox 693 1484 931 1564; x_wconf 79' lang='lat' dir='ltr'><strong>praeceptoribus</strong></span> <span class='ocrx_word' id='word_1_26' title='bbox 952 1486 1003 1558; x_wconf 89' lang='lat' dir='ltr'><strong>uti,</strong></span> <span class='ocrx_word' id='word_1_27' title='bbox 1026 1485 1105 1564; x_wconf 89' lang='lat' dir='ltr'><strong>quod</strong></span> <span class='ocrx_word' id='word_1_28' title='bbox 1127 1486 1199 1544; x_wconf 96' lang='lat' dir='ltr'><strong>mihi</strong></span> <span class='ocrx_word' id='word_1_29' title='bbox 1219 1508 1273 1566; x_wconf 90' lang='lat' dir='ltr'><strong>per</strong></span> 
     </span>
     <span class='ocr_line' id='line_1_6' title="bbox 96 1590 1270 1671; baseline 0.003 -23"><span class='ocrx_word' id='word_1_30' title='bbox 96 1597 210 1667; x_wconf 86' lang='lat' dir='ltr'><strong>septem</strong></span> <span class='ocrx_word' id='word_1_31' title='bbox 244 1610 341 1650; x_wconf 84' lang='lat' dir='ltr'><strong>annos</strong></span> <span class='ocrx_word' id='word_1_32' title='bbox 373 1590 464 1663; x_wconf 89' lang='lat' dir='ltr'><strong>licuit,</strong></span> <span class='ocrx_word' id='word_1_33' title='bbox 497 1590 630 1651; x_wconf 90' lang='lat' dir='ltr'><strong>laetabor</strong></span> <span class='ocrx_word' id='word_1_34' title='bbox 661 1612 776 1671; x_wconf 88' lang='lat' dir='ltr'><strong>semper</strong></span> <span class='ocrx_word' id='word_1_35' title='bbox 806 1601 835 1651; x_wconf 91' lang='lat' dir='ltr'><strong>et</strong></span> <span class='ocrx_word' id='word_1_36' title='bbox 865 1591 1024 1670; x_wconf 89' lang='lat' dir='ltr'><strong>gloriabor.</strong></span> <span class='ocrx_word' id='word_1_37' title='bbox 1066 1593 1141 1652; x_wconf 89' lang='lat' dir='ltr'><strong>Non</strong></span> <span class='ocrx_word' id='word_1_38' title='bbox 1173 1593 1270 1653; x_wconf 87' lang='lat' dir='ltr'><strong>solum</strong></span> 
     </span>
     <span class='ocr_line' id='line_1_7' title="bbox 95 1696 1272 1779; baseline 0.005 -25"><span class='ocrx_word' id='word_1_39' title='bbox 95 1696 220 1774; x_wconf 87' lang='lat' dir='ltr'><strong>egregiis</strong></span> <span class='ocrx_word' id='word_1_40' title='bbox 247 1697 363 1758; x_wconf 82' lang='lat' dir='ltr'><strong>Vestris</strong></span> <span class='ocrx_word' id='word_1_41' title='bbox 393 1698 579 1772; x_wconf 89' lang='lat' dir='ltr'><strong>lectionibus,</strong></span> <span class='ocrx_word' id='word_1_42' title='bbox 608 1701 781 1779; x_wconf 81' lang='lat' dir='ltr'><strong>praeceptis,</strong></span> <span class='ocrx_word' id='word_1_43' title='bbox 810 1700 938 1771; x_wconf 91' lang='lat' dir='ltr'><strong>monitis,</strong></span> <span class='ocrx_word' id='word_1_44' title='bbox 975 1697 1135 1760; x_wconf 88' lang='lat' dir='ltr'><strong>sedetiam</strong></span> <span class='ocrx_word' id='word_1_45' title='bbox 1157 1721 1272 1760; x_wconf 87' lang='lat' dir='ltr'><strong>summa</strong></span> 
     </span>
     <span class='ocr_line' id='line_1_8' title="bbox 96 1802 1270 1885; baseline 0.004 -26"><span class='ocrx_word' id='word_1_46' title='bbox 96 1802 129 1860; x_wconf 91' lang='lat' dir='ltr'><strong>in</strong></span> <span class='ocrx_word' id='word_1_47' title='bbox 161 1823 207 1862; x_wconf 88' lang='lat' dir='ltr'><strong>me</strong></span> <span class='ocrx_word' id='word_1_48' title='bbox 237 1803 448 1867; x_wconf 88' lang='lat' dir='ltr'><strong>benevolentia</strong></span> <span class='ocrx_word' id='word_1_49' title='bbox 478 1806 585 1865; x_wconf 88' lang='lat' dir='ltr'><strong>arctius</strong></span> <span class='ocrx_word' id='word_1_50' title='bbox 616 1827 662 1866; x_wconf 92' lang='lat' dir='ltr'><strong>me</strong></span> <span class='ocrx_word' id='word_1_51' title='bbox 683 1806 779 1867; x_wconf 91' lang='lat' dir='ltr'><strong>Vobis</strong></span> <span class='ocrx_word' id='word_1_52' title='bbox 800 1805 975 1867; x_wconf 85' lang='lat' dir='ltr'><strong>devinxistis</strong></span> <span class='ocrx_word' id='word_1_53' title='bbox 997 1825 1086 1885; x_wconf 90' lang='lat' dir='ltr'><strong>quam</strong></span> <span class='ocrx_word' id='word_1_54' title='bbox 1106 1814 1139 1865; x_wconf 88' lang='lat' dir='ltr'><strong>ut</strong></span> <span class='ocrx_word' id='word_1_55' title='bbox 1153 1807 1270 1885; x_wconf 89' lang='lat' dir='ltr'><strong>possim</strong></span> 
     </span>
     <span class='ocr_line' id='line_1_9' title="bbox 95 1910 489 1987; baseline 0.015 -21"><span class='ocrx_word' id='word_1_56' title='bbox 95 1929 238 1987; x_wconf 91' lang='lat' dir='ltr'><strong>umquam</strong></span> <span class='ocrx_word' id='word_1_57' title='bbox 259 1910 429 1974; x_wconf 88' lang='lat' dir='ltr'><strong>dissolvere.</strong></span> <span class='ocrx_word' id='word_1_58' title='bbox 485 1975 489 1987; x_wconf 56' lang='lat'><strong>,</strong></span> 
     </span>
    </p>

    <p class='ocr_par' dir='ltr' id='par_1_4' title="bbox 96 2016 1272 2320">
     <span class='ocr_line' id='line_1_10' title="bbox 179 2016 1269 2097; baseline 0.002 -22"><span class='ocrx_word' id='word_1_59' title='bbox 179 2016 241 2076; x_wconf 85' lang='lat' dir='ltr'><strong>Eas</strong></span> <span class='ocrx_word' id='word_1_60' title='bbox 270 2038 387 2097; x_wconf 92' lang='lat' dir='ltr'><strong>quoque</strong></span> <span class='ocrx_word' id='word_1_61' title='bbox 417 2017 568 2091; x_wconf 70' lang='lat' dir='ltr'><strong>lectiones</strong></span> <span class='ocrx_word' id='word_1_62' title='bbox 597 2018 704 2096; x_wconf 89' lang='lat' dir='ltr'><strong>quibus</strong></span> <span class='ocrx_word' id='word_1_63' title='bbox 725 2019 780 2091; x_wconf 88' lang='lat' dir='ltr'><strong>Tu,</strong></span> <span class='ocrx_word' id='word_1_64' title='bbox 802 2019 846 2081; x_wconf 93' lang='lat' dir='ltr'><strong>vir</strong></span> <span class='ocrx_word' id='word_1_65' title='bbox 866 2018 1033 2078; x_wconf 87' lang='lat' dir='ltr'><strong>doctissime</strong></span> <span class='ocrx_word' id='word_1_66' title='bbox 1053 2018 1205 2090; x_wconf 78' lang='lat' dir='ltr'><strong>MORELL,</strong></span> <span class='ocrx_word' id='word_1_67' title='bbox 1228 2038 1269 2077; x_wconf 92' lang='lat' dir='ltr'><strong>ar·</strong></span> 
     </span>
     <span class='ocr_line' id='line_1_11' title="bbox 96 2122 1272 2204; baseline 0.003 -23"><span class='ocrx_word' id='word_1_68' title='bbox 96 2122 297 2202; x_wconf 88' lang='lat' dir='ltr'><strong>chaiologiam</strong></span> <span class='ocrx_word' id='word_1_69' title='bbox 318 2124 404 2185; x_wconf 91' lang='lat' dir='ltr'><strong>nobis</strong></span> <span class='ocrx_word' id='word_1_70' title='bbox 427 2124 572 2186; x_wconf 86' lang='lat' dir='ltr'><strong>Graecam</strong></span> <span class='ocrx_word' id='word_1_71' title='bbox 593 2123 747 2195; x_wconf 85' lang='lat' dir='ltr'><strong>tradidisti,</strong></span> <span class='ocrx_word' id='word_1_72' title='bbox 770 2145 967 2204; x_wconf 89' lang='lat' dir='ltr'><strong>magnacum</strong></span> <span class='ocrx_word' id='word_1_73' title='bbox 988 2124 1142 2204; x_wconf 87' lang='lat' dir='ltr'><strong>voluptate</strong></span> <span class='ocrx_word' id='word_1_74' title='bbox 1157 2144 1272 2204; x_wconf 90' lang='lat' dir='ltr'><strong>semper</strong></span> 
     </span>
     <span class='ocr_line' id='line_1_12' title="bbox 96 2229 296 2320; baseline 0.015 -32"><span class='ocrx_word' id='word_1_75' title='bbox 96 2229 296 2320; x_wconf 41' lang='lat' dir='ltr'><strong>recordaborg,</strong></span> 
     </span>
    </p>

    <p class='ocr_par' dir='ltr' id='par_1_5' title="bbox 95 2333 1270 2633">
     <span class='ocr_line' id='line_1_13' title="bbox 179 2333 1270 2424; baseline -0.001 -25"><span class='ocrx_word' id='word_1_76' title='bbox 179 2333 303 2399; x_wconf 84' lang='lat' dir='ltr'><strong>Gaudeo</strong></span> <span class='ocrx_word' id='word_1_77' title='bbox 336 2339 408 2398; x_wconf 94' lang='lat' dir='ltr'><strong>mibi</strong></span> <span class='ocrx_word' id='word_1_78' title='bbox 439 2338 539 2399; x_wconf 91' lang='lat' dir='ltr'><strong>datam</strong></span> <span class='ocrx_word' id='word_1_79' title='bbox 571 2359 635 2406; x_wconf 89' lang='lat' dir='ltr'><strong>esse</strong></span> <span class='ocrx_word' id='word_1_80' title='bbox 666 2339 860 2424; x_wconf 88' lang='lat' dir='ltr'><strong>occasionem,</strong></span> <span class='ocrx_word' id='word_1_81' title='bbox 890 2359 950 2418; x_wconf 89' lang='lat' dir='ltr'><strong>qua</strong></span> <span class='ocrx_word' id='word_1_82' title='bbox 970 2338 1117 2399; x_wconf 89' lang='lat' dir='ltr'><strong>declarem</strong></span> <span class='ocrx_word' id='word_1_83' title='bbox 1138 2340 1270 2399; x_wconf 91' lang='lat' dir='ltr'><strong>animum</strong></span> 
     </span>
     <span class='ocr_line' id='line_1_14' title="bbox 96 2445 1268 2526; baseline 0.003 -23"><span class='ocrx_word' id='word_1_84' title='bbox 96 2465 195 2504; x_wconf 94' lang='lat' dir='ltr'><strong>meum</strong></span> <span class='ocrx_word' id='word_1_85' title='bbox 216 2445 247 2504; x_wconf 95' lang='lat' dir='ltr'><strong>in</strong></span> <span class='ocrx_word' id='word_1_86' title='bbox 267 2446 318 2518; x_wconf 92' lang='lat' dir='ltr'><strong>Te,</strong></span> <span class='ocrx_word' id='word_1_87' title='bbox 334 2445 567 2506; x_wconf 87' lang='lat' dir='ltr'><strong>aestimatissime</strong></span> <span class='ocrx_word' id='word_1_88' title='bbox 581 2455 739 2526; x_wconf 92' lang='lat' dir='ltr'><strong>promotor,</strong></span> <span class='ocrx_word' id='word_1_89' title='bbox 755 2447 916 2514; x_wconf 83' lang='lat' dir='ltr'><strong>clarissime</strong></span> <span class='ocrx_word' id='word_1_90' title='bbox 931 2447 976 2508; x_wconf 91' lang='lat' dir='ltr'><strong>vir</strong></span> <span class='ocrx_word' id='word_1_91' title='bbox 990 2463 1057 2507; x_wconf 78' lang='lat' dir='ltr'><strong>vau</strong></span> <span class='ocrx_word' id='word_1_92' title='bbox 1072 2465 1139 2506; x_wconf 78' lang='lat' dir='ltr'><strong>Dua</strong></span> <span class='ocrx_word' id='word_1_93' title='bbox 1152 2447 1268 2519; x_wconf 68' lang='lat' dir='ltr'><strong>Vrtur,</strong></span> 
     </span>
     <span class='ocr_line' id='line_1_15' title="bbox 95 2550 1269 2633; baseline 0.002 -23"><span class='ocrx_word' id='word_1_94' title='bbox 95 2552 180 2612; x_wconf 90' lang='lat' dir='ltr'><strong>cuius</strong></span> <span class='ocrx_word' id='word_1_95' title='bbox 201 2550 375 2626; x_wconf 86' lang='lat' dir='ltr'><strong>doctrinam,</strong></span> <span class='ocrx_word' id='word_1_96' title='bbox 397 2554 559 2633; x_wconf 85' lang='lat' dir='ltr'><strong>ingenium,</strong></span> <span class='ocrx_word' id='word_1_97' title='bbox 581 2563 650 2614; x_wconf 90' lang='lat' dir='ltr'><strong>ante</strong></span> <span class='ocrx_word' id='word_1_98' title='bbox 672 2555 772 2614; x_wconf 91' lang='lat' dir='ltr'><strong>omnia</strong></span> <span class='ocrx_word' id='word_1_99' title='bbox 786 2555 918 2615; x_wconf 90' lang='lat' dir='ltr'><strong>animum</strong></span> <span class='ocrx_word' id='word_1_100' title='bbox 933 2553 1096 2626; x_wconf 92' lang='lat' dir='ltr'><strong>liberalem,</strong></span> <span class='ocrx_word' id='word_1_101' title='bbox 1112 2563 1172 2614; x_wconf 86' lang='lat' dir='ltr'><strong>tam</strong></span> <span class='ocrx_word' id='word_1_102' title='bbox 1187 2554 1269 2616; x_wconf 89' lang='lat' dir='ltr'><strong>brevi</strong></span> 
     </span>
    </p>

    <p class='ocr_par' dir='ltr' id='par_1_6' title="bbox 73 2661 1275 3169">
     <span class='ocr_line' id='line_1_16' title="bbox 73 2661 1269 2740; baseline 0.002 -22"><span class='ocrx_word' id='word_1_103' title='bbox 73 2668 227 2739; x_wconf 63' lang='lat' dir='ltr'><strong>,tempore</strong></span> <span class='ocrx_word' id='word_1_104' title='bbox 248 2680 426 2739; x_wconf 88' lang='lat' dir='ltr'><strong>cognoscere</strong></span> <span class='ocrx_word' id='word_1_105' title='bbox 447 2661 519 2720; x_wconf 92' lang='lat' dir='ltr'><strong>mihi</strong></span> <span class='ocrx_word' id='word_1_106' title='bbox 540 2661 672 2740; x_wconf 90' lang='lat' dir='ltr'><strong>contigit.</strong></span> <span class='ocrx_word' id='word_1_107' title='bbox 704 2661 763 2721; x_wconf 88' lang='lat' dir='ltr'><strong>Per</strong></span> <span class='ocrx_word' id='word_1_108' title='bbox 782 2670 876 2722; x_wconf 92' lang='lat' dir='ltr'><strong>totum</strong></span> <span class='ocrx_word' id='word_1_109' title='bbox 898 2662 978 2722; x_wconf 88' lang='lat' dir='ltr'><strong>hunc</strong></span> <span class='ocrx_word' id='word_1_110' title='bbox 999 2681 1113 2721; x_wconf 92' lang='lat' dir='ltr'><strong>annum</strong></span> <span class='ocrx_word' id='word_1_111' title='bbox 1132 2662 1179 2721; x_wconf 95' lang='lat' dir='ltr'><strong>Tu</strong></span> <span class='ocrx_word' id='word_1_112' title='bbox 1197 2662 1269 2720; x_wconf 93' lang='lat' dir='ltr'><strong>mihi</strong></span> 
     </span>
     <span class='ocr_line' id='line_1_17' title="bbox 94 2768 1267 2860; baseline 0.003 -32"><span class='ocrx_word' id='word_1_113' title='bbox 94 2770 233 2829; x_wconf 85' lang='lat' dir='ltr'><strong>exstitisti</strong></span> <span class='ocrx_word' id='word_1_114' title='bbox 264 2778 292 2829; x_wconf 91' lang='lat' dir='ltr'><strong>et</strong></span> <span class='ocrx_word' id='word_1_115' title='bbox 313 2768 474 2842; x_wconf 89' lang='lat' dir='ltr'><strong>studiorum</strong></span> <span class='ocrx_word' id='word_1_116' title='bbox 495 2770 557 2829; x_wconf 87' lang='lat' dir='ltr'><strong>dux</strong></span> <span class='ocrx_word' id='word_1_117' title='bbox 577 2770 765 2830; x_wconf 90' lang='lat' dir='ltr'><strong>fidelissimus</strong></span> <span class='ocrx_word' id='word_1_118' title='bbox 786 2781 816 2830; x_wconf 90' lang='lat' dir='ltr'><strong>et</strong></span> <span class='ocrx_word' id='word_1_119' title='bbox 835 2769 934 2830; x_wconf 87' lang='lat' dir='ltr'><strong>fautor</strong></span> <span class='ocrx_word' id='word_1_120' title='bbox 954 2769 1267 2860; x_wconf 59' lang='lat' dir='ltr'><strong>benevolentissimum</strong></span> 
     </span>
     <span class='ocr_line' id='line_1_18' title="bbox 94 2877 1267 2956; baseline 0.002 -20"><span class='ocrx_word' id='word_1_121' title='bbox 94 2877 137 2936; x_wconf 89' lang='lat' dir='ltr'><strong>Te</strong></span> <span class='ocrx_word' id='word_1_122' title='bbox 159 2886 277 2937; x_wconf 89' lang='lat' dir='ltr'><strong>auctore</strong></span> <span class='ocrx_word' id='word_1_123' title='bbox 297 2877 395 2937; x_wconf 90' lang='lat' dir='ltr'><strong>studia</strong></span> <span class='ocrx_word' id='word_1_124' title='bbox 415 2897 481 2937; x_wconf 91' lang='lat' dir='ltr'><strong>mea</strong></span> <span class='ocrx_word' id='word_1_125' title='bbox 501 2877 539 2937; x_wconf 90' lang='lat' dir='ltr'><strong>ad</strong></span> <span class='ocrx_word' id='word_1_126' title='bbox 560 2877 778 2937; x_wconf 89' lang='lat' dir='ltr'><strong>Tertullianum</strong></span> <span class='ocrx_word' id='word_1_127' title='bbox 799 2877 922 2950; x_wconf 90' lang='lat' dir='ltr'><strong>contuli,</strong></span> <span class='ocrx_word' id='word_1_128' title='bbox 943 2878 1043 2956; x_wconf 91' lang='lat' dir='ltr'><strong>Teque</strong></span> <span class='ocrx_word' id='word_1_129' title='bbox 1064 2877 1196 2938; x_wconf 89' lang='lat' dir='ltr'><strong>adiutore</strong></span> <span class='ocrx_word' id='word_1_130' title='bbox 1210 2878 1267 2938; x_wconf 91' lang='lat' dir='ltr'><strong>hoc</strong></span> 
     </span>
     <span class='ocr_line' id='line_1_19' title="bbox 94 2983 1275 3063; baseline 0.001 -20"><span class='ocrx_word' id='word_1_131' title='bbox 94 2984 273 3063; x_wconf 90' lang='lat' dir='ltr'><strong>opusculum</strong></span> <span class='ocrx_word' id='word_1_132' title='bbox 303 2984 430 3045; x_wconf 82' lang='lat' dir='ltr'><strong>confeci.</strong></span> <span class='ocrx_word' id='word_1_133' title='bbox 471 2985 606 3060; x_wconf 70' lang='lat' dir='ltr'><strong>Quorum</strong></span> <span class='ocrx_word' id='word_1_134' title='bbox 637 2985 769 3045; x_wconf 92' lang='lat' dir='ltr'><strong>omnium</strong></span> <span class='ocrx_word' id='word_1_135' title='bbox 799 2993 883 3062; x_wconf 85' lang='lat' dir='ltr'><strong>grata</strong></span> <span class='ocrx_word' id='word_1_136' title='bbox 912 2983 1075 3044; x_wconf 90' lang='lat' dir='ltr'><strong>recordatio</strong></span> <span class='ocrx_word' id='word_1_137' title='bbox 1107 3005 1145 3044; x_wconf 82' lang='lat' dir='ltr'><strong>ex</strong></span> <span class='ocrx_word' id='word_1_138' title='bbox 1166 2986 1275 3045; x_wconf 87' lang='lat' dir='ltr'><strong>animo·</strong></span> 
     </span>
     <span class='ocr_line' id='line_1_20' title="bbox 94 3099 530 3169; baseline 0.002 -20"><span class='ocrx_word' id='word_1_139' title='bbox 94 3111 160 3150; x_wconf 91' lang='lat' dir='ltr'><strong>meo</strong></span> <span class='ocrx_word' id='word_1_140' title='bbox 182 3111 345 3169; x_wconf 88' lang='lat' dir='ltr'><strong>numquam</strong></span> <span class='ocrx_word' id='word_1_141' title='bbox 365 3099 530 3152; x_wconf 87' lang='lat' dir='ltr'><strong>evanescet.</strong></span> 
     </span>
    </p>
   </div>
   <div class='ocr_carea' id='block_1_4' title="bbox 175 3197 1267 3276">
    <p class='ocr_par' dir='ltr' id='par_1_7' title="bbox 175 3197 1267 3276">
     <span class='ocr_line' id='line_1_21' title="bbox 175 3197 1267 3276; baseline 0 -19"><span class='ocrx_word' id='word_1_142' title='bbox 175 3197 310 3257; x_wconf 90' lang='lat' dir='ltr'><strong>Tandem</strong></span> <span class='ocrx_word' id='word_1_143' title='bbox 341 3198 407 3259; x_wconf 88' lang='lat' dir='ltr'><strong>Vos</strong></span> <span class='ocrx_word' id='word_1_144' title='bbox 439 3198 571 3276; x_wconf 91' lang='lat' dir='ltr'><strong>appello,</strong></span> <span class='ocrx_word' id='word_1_145' title='bbox 604 3198 837 3258; x_wconf 89' lang='lat' dir='ltr'><strong>coniunctissimi</strong></span> <span class='ocrx_word' id='word_1_146' title='bbox 867 3208 896 3258; x_wconf 90' lang='lat' dir='ltr'><strong>et</strong></span> <span class='ocrx_word' id='word_1_147' title='bbox 916 3199 1083 3258; x_wconf 89' lang='lat' dir='ltr'><strong>amicissimi</strong></span> <span class='ocrx_word' id='word_1_148' title='bbox 1105 3198 1267 3259; x_wconf 86' lang='lat' dir='ltr'><strong>studiorum</strong></span> 
     </span>
    </p>
   </div>
   <div class='ocr_carea' id='block_1_5' title="bbox 93 3304 1267 3598">
    <p class='ocr_par' dir='ltr' id='par_1_8' title="bbox 93 3304 1267 3598">
     <span class='ocr_line' id='line_1_22' title="bbox 93 3304 1267 3385; baseline 0.003 -23"><span class='ocrx_word' id='word_1_149' title='bbox 93 3304 320 3364; x_wconf 82' lang='lat' dir='ltr'><strong>commilitones</strong></span> <span class='ocrx_word' id='word_1_150' title='bbox 362 3305 457 3384; x_wconf 80' lang='lat' dir='ltr'><strong>Saepe</strong></span> <span class='ocrx_word' id='word_1_151' title='bbox 482 3314 565 3384; x_wconf 89' lang='lat' dir='ltr'><strong>grata</strong></span> <span class='ocrx_word' id='word_1_152' title='bbox 590 3306 729 3365; x_wconf 91' lang='lat' dir='ltr'><strong>memoria</strong></span> <span class='ocrx_word' id='word_1_153' title='bbox 749 3305 847 3365; x_wconf 79' lang='lat' dir='ltr'><strong>lecolo</strong></span> <span class='ocrx_word' id='word_1_154' title='bbox 869 3305 945 3365; x_wconf 93' lang='lat' dir='ltr'><strong>illud</strong></span> <span class='ocrx_word' id='word_1_155' title='bbox 967 3315 1091 3385; x_wconf 88' lang='lat' dir='ltr'><strong>tempus,</strong></span> <span class='ocrx_word' id='word_1_156' title='bbox 1114 3305 1192 3385; x_wconf 92' lang='lat' dir='ltr'><strong>quod</strong></span> <span class='ocrx_word' id='word_1_157' title='bbox 1214 3326 1267 3368; x_wconf 93' lang='lat' dir='ltr'><strong>vo-</strong></span> 
     </span>
     <span class='ocr_line' id='line_1_23' title="bbox 93 3410 1267 3491; baseline 0.002 -21"><span class='ocrx_word' id='word_1_158' title='bbox 93 3410 208 3470; x_wconf 92' lang='lat' dir='ltr'><strong>biscum</strong></span> <span class='ocrx_word' id='word_1_159' title='bbox 239 3431 377 3490; x_wconf 84' lang='lat' dir='ltr'><strong>peragere</strong></span> <span class='ocrx_word' id='word_1_160' title='bbox 407 3411 480 3470; x_wconf 92' lang='lat' dir='ltr'><strong>mihi</strong></span> <span class='ocrx_word' id='word_1_161' title='bbox 511 3412 602 3472; x_wconf 90' lang='lat' dir='ltr'><strong>licuit.</strong></span> <span class='ocrx_word' id='word_1_162' title='bbox 639 3413 698 3471; x_wconf 87' lang='lat' dir='ltr'><strong>Pro</strong></span> <span class='ocrx_word' id='word_1_163' title='bbox 719 3412 847 3472; x_wconf 87' lang='lat' dir='ltr'><strong>amicitia</strong></span> <span class='ocrx_word' id='word_1_164' title='bbox 868 3422 969 3472; x_wconf 85' lang='lat' dir='ltr'><strong>nostra</strong></span> <span class='ocrx_word' id='word_1_165' title='bbox 989 3413 1046 3472; x_wconf 93' lang='lat' dir='ltr'><strong>hoc</strong></span> <span class='ocrx_word' id='word_1_166' title='bbox 1067 3433 1120 3474; x_wconf 89' lang='lat' dir='ltr'><strong>vos</strong></span> <span class='ocrx_word' id='word_1_167' title='bbox 1142 3433 1213 3491; x_wconf 88' lang='lat' dir='ltr'><strong>rogo</strong></span> <span class='ocrx_word' id='word_1_168' title='bbox 1234 3423 1267 3472; x_wconf 92' lang='lat' dir='ltr'><strong>ut</strong></span> 
     </span>
     <span class='ocr_line' id='line_1_24' title="bbox 93 3517 1107 3598; baseline 0.006 -24"><span class='ocrx_word' id='word_1_169' title='bbox 93 3517 149 3576; x_wconf 92' lang='lat' dir='ltr'><strong>mei</strong></span> <span class='ocrx_word' id='word_1_170' title='bbox 172 3518 235 3576; x_wconf 89' lang='lat' dir='ltr'><strong>sitis</strong></span> <span class='ocrx_word' id='word_1_171' title='bbox 257 3537 407 3578; x_wconf 84' lang='lat' dir='ltr'><strong>mernores.</strong></span> <span class='ocrx_word' id='word_1_172' title='bbox 429 3518 551 3598; x_wconf 81' lang='lat' dir='ltr'><strong>Semper</strong></span> <span class='ocrx_word' id='word_1_173' title='bbox 571 3519 656 3580; x_wconf 88' lang='lat' dir='ltr'><strong>vobis</strong></span> <span class='ocrx_word' id='word_1_174' title='bbox 677 3518 868 3581; x_wconf 87' lang='lat' dir='ltr'><strong>ventivalde</strong></span> <span class='ocrx_word' id='word_1_175' title='bbox 889 3520 949 3579; x_wconf 88' lang='lat' dir='ltr'><strong>sint</strong></span> <span class='ocrx_word' id='word_1_176' title='bbox 970 3519 1107 3580; x_wconf 78' lang='lat' dir='ltr'><strong>secundi!</strong></span> 
     </span>
    </p>
   </div>
   <div class='ocr_carea' id='block_1_6' title="bbox 0 0 1398 4500">
    <p class='ocr_par' dir='ltr' id='par_1_9' title="bbox 0 0 1398 4500">
     <span class='ocr_line' id='line_1_25' title="bbox 0 0 1398 4500; baseline 0 2"><span class='ocrx_word' id='word_1_177' title='bbox 0 0 1398 4500; x_wconf 95' lang='lat' dir='ltr'><strong> </strong></span> 
     </span>
    </p>
   </div>
  </div>
 </body>
</html>
