2788 4500
696 198 739 261 44

116 393 284 456 -tationem
308 391 424 455 saeouli
449 393 616 476 praestitit.
642 394 683 457 21
710 391 800 474 (124)
825 400 857 456 et
880 395 933 477 qui
953 395 1054 477 penes
1070 413 1128 456 vos
1149 390 1303 455 eiusmodi
1362 445 1363 466 ,

130 497 257 562 fabulas
293 498 432 561 aemulas
467 498 508 563 ad
532 497 781 564 destructionem
804 501 948 563 veritatis
973 497 1152 562 istiusmodi
1169 499 1304 584 praemi-

118 605 346 668 -nistrsven'nt
372 605 403 668 9:
427 606 596 668 certissimi
619 604 742 670 scilieet
765 606 921 669 inlicitum
944 627 1015 669 esse
1034 625 1135 688 pones
1158 604 1230 666 illos
1250 625 1306 688 per

131 711 218 796 quod
254 709 433 774 exorbitare
470 733 524 774 eos
561 710 668 774 vultis.
706 713 747 775 23
773 708 863 792 (148)
888 713 914 774 si
939 733 1023 775 nune
1047 709 1185 794 denique
1205 731 1305 793 penes

130 816 279 880 inferos?
304 817 345 879 30
372 813 462 898 (175)
486 815 534 880 Ut
556 818 662 899 mirer,
688 840 761 881 eum
784 807 907 881 hostiae
925 816 1103 902 probenter
1121 838 1222 900 penes
1246 837 1304 878 vos

123 946 151 986 0
182 923 397 986 vitiosissimis
433 921 664 1003 sacerdotibus.
701 925 742 987 37
780 921 870 1004 (193)
906 915 1034 1007 quando
1068 923 1121 986 vel
1156 939 1220 985 una
1242 943 1305 984 nox

126 1029 275 1114 rpauculis
300 1029 414 1092 faculis
438 1028 567 1112 largiter
589 1030 718 1094 ultionis
742 1037 852 1115 posset
875 1019 1008 1115 operari,
1034 1031 1069 1092 si·
1084 1029 1201 1092 malum
1223 1028 1305 1090 malo

130 1136 283 1222 dispungi
301 1157 402 1219 peaes
425 1158 484 1199 nos
508 1136 645 1200 lioeret?
669 1137 711 1200 39
737 1134 828 1217 (202)
845 1136 910 1200 sed
934 1135 1089 1200 eiusmodi
1106 1135 1158 1198 vel
1169 1136 1305 1198 maxime

124 1242 310 1306 dilectionis
335 1243 476 1326 operatio
500 1250 608 1306 notam
631 1242 723 1306 nobis
746 1245 845 1306 inurit
862 1242 1140 1327 penesquosdam.
1155 1243 1196 1305 39
1213 1238 1304 1320 (203)

129 1349 182 1413 uel
206 1351 281 1432 quia
304 1371 343 1411 en
367 1347 545 1412 substantia
568 1349 719 1413 familiari
742 1348 857 1413 fratres
881 1371 1000 1426 sumus,
1026 1371 1106 1433 quae
1127 1369 1228 1431 penes
1247 1370 1303 1424 ros

45 1435 53 1450 ’
130 1444 198 1519 fere
222 1454 342 1518 dirimit
364 1453 606 1519 fraternitatem.
633 1490 673 1498 —
700 1458 741 1520 39
767 1452 855 1536 (207)
880 1455 913 1520 id
936 1463 1071 1519 voeatur
1094 1454 1179 1539 quod
1204 1453 1303 1518 dilec·

130 1563 175 1624 tio
203 1582 304 1644 peaes
337 1558 489 1627 Graecos.
527 1562 569 1624 39
606 1558 696 1642 (207)
721 1584 784 1625 000
809 1583 990 1646 quapenes
1013 1583 1072 1624 vos
1096 1562 1227 1646 parasiti
1252 1560 1304 1624 ad·
1362 1551 1363 1582 ³

134 1667 256 1730 feetant
299 1665 340 1729 ad
377 1667 508 1750 gloriam
544 1666 746 1732 famulandae
781 1667 936 1731 libertatis
971 1668 1030 1730 sub
1065 1675 1303 1731 auctoramento

133 1775 254 1836 ventris
278 1775 361 1836 inter
383 1773 591 1836 contumelias
615 1773 791 1857 saginandi,
816 1773 873 1837 sed
898 1797 959 1858 qua
981 1796 1079 1857 penes
1095 1773 1190 1848 deum
1206 1775 1306 1837 maior
1362 1753 1363 1814 l

134 1886 183 1942 est
217 1869 443 1963 contemplatio
466 1878 683 1944 mediocrium.
709 1881 750 1944 46
776 1878 866 1962 (240)
892 1873 1045 1945 desinunt
1063 1889 1171 1944 tamen
1195 1878 1306 1944 Chris·

133 1987 210 2048 tiani
244 1983 354 2048 haberi
383 2007 484 2068 penes
518 2008 586 2049 nos.
624 1987 666 2050 50
692 1984 780 2068 (202)
805 1987 884 2052 haee
909 1986 1045 2072 perditio
1070 1993 1102 2050 et
1125 1985 1306 2071 desperatio

127 2112 228 2174 penes
262 2112 321 2153 vos
356 2093 389 2153 in
424 2114 521 2156 eausa
551 2092 670 2175 gloriae
693 2079 726 2156 et
749 2093 852 2157 famae
877 2094 1028 2158 vexillum
1051 2095 1179 2157 virtutis
1204 2093 1306 2156 extol·

129 2191 236 2260 lunt.l
1000 2203 1010 2216 ¹

613 2367 826 2376 ————-—

596 2489 599 2492 ’
667 2481 779 2548 PElR.

177 2678 381 2766 Quamquam
414 2681 502 2744 multi
531 2681 584 2744 alii
608 2681 778 2765 scriptores
802 2677 862 2741 hae
886 2679 1120 2762 praeporitione
1145 2679 1194 2739 usi
1220 2683 1304 2751 sunt,
1362 2669 1363 2758 l

133 2797 169 2850 nt
195 2790 439 2854 instrumentum
466 2787 645 2870 significent
667 2806 730 2868 quo
754 2783 831 2868 quid
853 2784 916 2862 fiat,
942 2805 1035 2847 nemo
1059 2792 1165 2846 tamen
1189 2784 1308 2845 totiens

131 2895 215 2959 hano
238 2892 365 2958 dioendi
392 2896 546 2958 rationem
570 2873 735 2977 usurpavit
756 2893 903 2976 quotiens
918 2890 1141 2954 Tertullianus.
1161 2881 1174 2914 ²
1202 2884 1309 2970 6(37)
1362 2905 1363 2910 ’

134 3000 287 3065 Laudatis
311 3023 437 3086 semper
460 3002 690 3084 antiquitatem,
715 3006 747 3062 et
769 3019 852 3061 nove
876 2996 916 3061 de
938 2997 989 3061 die
1014 2998 1132 3061 vivitis
1147 2995 1310 3078 Perquod

135 3106 313 3171 ostenditur
347 3116 407 3172 ete.
444 3109 463 3171 9
488 3101 560 3187 (46)
595 3104 687 3168 Haeo
720 3125 783 3188 quo
806 3105 907 3187 magis
930 3103 1146 3180 refutaverim,
1172 3123 1191 3164 a
1214 3099 1308 3162 vobis

133 3214 200 3277 fieri
235 3212 401 3277 ostendam
435 3213 549 3298 partim
581 3213 614 3272 in
638 3217 760 3294 aperto,
784 3211 899 3294 partim
923 3210 954 3271 in
979 3193 1117 3284 oeeulto,
1137 3227 1199 3290 per·
1222 3205 1311 3288 quod
1362 3241 1363 3270 l

133 3319 267 3382 forsitan
292 3326 323 3382 et
344 3317 385 3382 de
413 3317 505 3381 nobis
531 3314 723 3381 credidistis.
749 3315 767 3377 9
793 3310 866 3397 (53)
890 3314 1039 3397 Denique
1063 3315 1145 3375 inter
1169 3318 1308 3396 tempta·

174 3580 182 3606 ¹
201 3582 235 3634 ef.
255 3580 290 3633 ad
309 3581 375 3634 Nat.
394 3580 416 3633 Ι.
438 3581 471 3633 12
491 3578 564 3647 (310)
584 3578 666 3631 etiarn
685 3575 718 3630 de
737 3577 851 3630 materia
869 3576 956 3630 colitis
971 3593 1051 3644 penes
1070 3593 1117 3630 vos
1135 3591 1199 3629 oum
1208 3572 1310 3642 effigie.

134 3670 158 3722 Ι.
188 3670 221 3723 14
248 3668 321 3737 (315)
348 3669 419 3723 Sunt
434 3683 515 3736 penes
533 3683 581 3720 vos
600 3672 628 3719 et
645 3665 743 3719 canino
761 3665 850 3734 capite
869 3670 896 3720 et
914 3665 1022 3718 leonino
1040 3671 1067 3718 et
1085 3663 1119 3717 de
1137 3664 1206 3717 bove
1224 3668 1251 3716 et
1272 3662 1310 3714 de

134 3759 217 3811 ariete
243 3762 271 3810 et
288 3756 363 3811 hirco
382 3761 496 3811 eomuto
515 3755 561 3808 dii.
581 3755 604 3809 Ι.
626 3755 658 3808 14
677 3753 751 3821 (316)
771 3753 861 3822 plures
880 3753 1034 3808 Onoeoetae
1048 3771 1129 3822 penes
1147 3768 1195 3806 vos
1213 3750 1310 3818 depre-

133 3845 299 3900 hendrmtur.
318 3845 341 3898 1.
363 3845 395 3898 15
414 3845 488 3913 (317)
506 3842 545 3896 At
563 3848 590 3896 et
608 3842 631 3895 si
649 3857 704 3912 quo
722 3857 818 3910 genere
836 3839 994 3894 dissimilius
1008 3857 1089 3908 peaes
1107 3857 1155 3894 vos
1172 3839 1206 3892 fit
1223 3855 1285 3907 sqq.
1321 3855 1325 3865 ·

174 3942 183 3969 ⁹
205 3934 317 3987 Kithner
339 3933 378 3986 ΙΙ.
398 3933 414 4000 5
436 3933 494 3988 105.
514 3947 555 3986 o:
574 3931 664 3985 Haud.
683 3929 797 3984 Tursoll.
816 3930 868 3983 IV.
887 3947 932 3999 pg.
951 3929 1003 3982 429
1023 3946 1080 3999 sqq.
1100 3929 1218 3997 Draeper
1236 3925 1259 3980 Ι.
1283 3945 1311 3997 p.

126 4023 185 4075 ,559
204 4038 261 4091 sqq.
503 4042 508 4052 ·
