2788 4500
617 219 671 286 21,

50 417 192 482 tutorum
227 417 422 495 protectores
459 421 491 475 et
513 412 651 477 cultores
675 411 890 497 respondeant
912 412 1007 476 velim
1031 411 1072 476 de
1096 413 1238 478 suafide

52 517 228 580 ethonore
251 525 284 581 et
305 517 460 602 obsequio
483 540 558 602 erga
580 520 735 582 maiorum
757 519 912 596 consulta,
937 519 969 581 77
991 518 1113 582 anullo
1125 520 1226 583 desei-

55 629 180 701 rerunt,
204 624 289 687 siin
312 624 408 689 nullo
431 619 703 702 cambitoaeraat,
727 625 759 688 ai
780 647 845 689 non
868 626 1047 689 necessaria
1071 631 1103 689 et
1126 611 1225 711 aptis-

52 732 133 792 eima
156 751 301 814 quaeque
324 729 512 816 disciplinae
535 731 627 795 77777777
587 737 811 795 77777777777777
790 730 879 795 713
903 727 971 811 (72)
992 730 1226 815 Recognoscite

52 857 80 898 ar
117 837 259 900 7777777707
293 833 388 917 (hanc
423 837 592 902 lectionem
626 845 755 901 tuentur
778 836 965 902 ABFthf.
990 835 1151 914 Vindobn
1182 840 1227 916 „si

52 941 205 1006 inentiar''
241 942 397 1028 praebent
420 944 575 1009 DEabce
597 943 739 1008 Haverc.
763 943 824 1007 Eri
826 951 885 1007 nrt.
910 941 1041 1025 Oxou..)
1067 946 1108 1008 25
1134 941 1225 1024 (159)

53 1047 186 1113 Viderit
220 1047 351 1133 Cybele,
386 1052 436 1142 77.Ι
451 1049 562 1114 urbem
597 1050 774 1114 Romanam
810 1058 843 1113 ut
878 1054 1061 1115 memoriam
1088 1050 1225 1142 ‘Troiani

52 1156 179 1237 generis
214 1157 390 1236 77777777777777,
426 1158 589 1222 remaculi
624 1159 672 1220 sui
708 1156 830 1221 scilicet
853 1157 1006 1221 adversus
1029 1157 1227 1221 Achivorum

52 1283 142 1324 arma
176 1263 322 1346 protecti,
359 1264 390 1326 si
424 1263 465 1330 ad
500 1265 617 1328 ultores
646 1265 779 1332 transire
798 1265 977 1347 prosperii,
1003 1286 1082 1347 quos
1106 1261 1228 1327 sciebat

52 1366 226 1441 Graeciam
251 1368 410 1453 Phrygiae
433 1369 671 1434 debellatricem
695 1369 892 1448 subacturos
918 1371 959 1434 29
985 1367 1075 1451 (171)
1094 1369 1228 1434 Constet

50 1475 151 1556 igitur
184 1476 282 1559 prius,
318 1477 349 1538 si
382 1478 435 1539 isti
459 1476 574 1561 quibus
597 1477 791 1541 sac1ifioatur
814 1477 948 1540 salntem
971 1477 1153 1562 imperatori
1174 1476 1227 1541 vel

52 1578 188 1644 cuilibet
210 1580 330 1644 homini
353 1583 505 1667 inpertire
528 1589 676 1666 possrrnt,
701 1589 733 1646 et
754 1584 800 1660 ita
822 1604 881 1645 nos
905 1584 1029 1645 crimini
1052 1584 1226 1646 maiestatis

51 1684 193 1750 addicite
230 1684 419 1773 („impertiri
454 1689 596 1774 possint”
635 1688 691 1752 dat
724 1686 822 1769 Erl.);
858 1689 900 1756 712
938 1684 1027 1769 (221)
1063 1688 1227 1764 Quomodo

51 1791 244 1856 infructuosi
277 1795 426 1858 aidemar-
449 1797 584 1878 negotiis
609 1798 734 1874 vestris
759 1817 832 1859 cum
856 1794 971 1878 quibus
996 1803 1028 1859 et
1050 1794 1090 1859 de
1112 1794 1226 1878 quibus

50 1900 205 1976 vivimus
237 1921 302 1963 non
336 1902 413 1965 scio.
451 1898 624 1980 (videmurz
658 1899 855 1965 ABDEFG.
879 1900 1017 1977 Erfurt.;
1042 1900 1225 1965 videamur:

48 2003 182 2068 abcdei.
206 2003 361 2087 Haverc.)
386 2005 438 2070 Of.
463 2029 557 2092 porro
581 2007 621 2072 de
644 2008 706 2071 hoc
729 2007 904 2072 indicativo
927 2009 961 2070 in
981 2008 1226 2091 interrogatione

52 2109 228 2174 indirecta:
252 2109 293 2175 ad
305 2111 380 2176 Nat.
402 2115 436 2177 1.
464 2115 491 2177 l.
518 2110 607 2196 (272)
631 2115 698 2178 scio
722 2114 815 2198 plane
826 2136 889 2197 qua
900 2104 1107 2199 responsione
1119 2114 1227 2176 soletis

52 2215 285 2282 redundantiae
308 2227 435 2283 nostrae
459 2222 675 2284 testimonium
698 2221 885 2298 convenire;
912 2220 940 2284 1.
956 2221 984 2284 7.
999 2217 1090 2300 (285)
1109 2218 1225 2298 videte,

51 2323 182 2406 qualem
193 2324 372 2418 prodigiam
384 2325 538 2391 adversus
551 2348 608 2390 nos
621 2327 811 2390 srrbcraaat’
784 2332 842 2402 777;
868 2327 898 2390 2
915 2327 953 2390 17
970 2323 1060 2406 (405)
1073 2326 1226 2402 Quaerite

53 2432 129 2514 quis
152 2438 331 2515 temporum
354 2435 443 2497 vices
467 2434 709 2498 7777777777.-

100 2537 306 2601 Ι7777777777777777
333 2560 397 2622 pro
429 2540 584 2603 777777777777
530 2541 636 2603 actico
660 2561 699 2602 777
722 2561 780 2605 cro
782 2540 868 2603 7777777
890 2538 1022 2622 obliquo
1043 2494 1224 2602 invenitur:

56 2645 97 2706 15
139 2638 251 2724 (86)
242 2667 305 2708 iam
340 2645 499 2728 quidem'
491 2671 524 2710 1n
525 2647 632 2731 tellegi
656 2646 801 2711 subiacet
822 2647 947 2710 veritat
938 2667 966 2709 rs
991 2666 1062 2709 esse
1084 2644 1222 2714 cultores

50 2751 110 2834 qui
134 2750 292 2814 mendacii
315 2773 379 2815 non
402 2754 475 2831 sint,
500 2775 560 2818 nec
584 2775 688 2817 errare
711 2753 846 2838 amplius
870 2754 903 2815 in
922 2774 959 2816 eo
981 2754 1089 2836 inquo
1103 2773 1224 2815 errasse

51 2879 89 2919 se
114 2857 374 2940 recognoscendo
397 2865 611 2924 cessauerant.
625 2857 719 2939 (hanc
731 2860 900 2923 lectionem
912 2857 990 2922 dant
1001 2881 1008 2923 :
1019 2855 1224 2922 ABEFch.

50 2963 178 3026 Erimt.
203 2962 364 3040 Vindob.;
388 2968 586 3051 cessaverint
606 2963 750 3046 Debet).
766 2965 809 3030 18·
820 2961 909 3047 (101)
923 2966 1009 3029 viros
1021 2967 1055 3027 in
1065 2963 1227 3028 saeculmn

51 3072 163 3134 emisit
186 3073 298 3154 spiritu
322 3070 433 3135 divino
456 3071 635 3162 inundatos,
663 3094 725 3156 quo
749 3071 971 3157 praedicarent
988 3070 1083 3135 deum
1096 3073 1226 3135 unicum

46 3198 138 3252 esse,
163 3179 217 3260 qui
240 3179 389 3241 imiversa
412 3176 600 3257 condiderit,
625 3180 680 3261 qui
703 3174 1226 3258 saeculumordz'nucit(ordinavit

50 3280 372 3348 ABDEFGtabode.
390 3283 536 3349 Vindob.
560 3284 670 3349 Oxou.
694 3283 815 3348 Erfurt.
840 3283 1008 3360 Ambros.;
1033 3282 1227 3347 ordinaverit

49 3390 76 3454 f.
102 3387 245 3453 Haverc.
268 3389 310 3453 In
333 3389 453 3454 Pamel.
478 3389 577 3454 verba
603 3391 674 3470 „hic
698 3392 783 3454 enim
795 3398 844 3454 est
855 3412 949 3454 verus
961 3389 1170 3454 Prometheus
1185 3424 1224 3430 -

48 3493 233 3558 ordinavit”
271 3497 394 3560 uncinis
430 3496 551 3560 inclusa
586 3504 669 3575 sunt,
694 3496 779 3580 quod
802 3495 887 3560 idem
911 3495 990 3560 feeit
1011 3494 1169 3560 Oehlerus
1193 3497 1226 3558 in

50 3599 195 3666 editione
229 3603 348 3666 maiore
383 3609 478 3686 atque
513 3604 698 3688 posteriore.
734 3601 836 3666 Nobis
859 3601 893 3665 id
916 3623 1082 3687 perperam
1105 3601 1226 3667 factum

50 3730 124 3772 esse
149 3706 286 3772 videtur.
310 3707 423 3774 Verba
446 3711 530 3773 enim
558 3710 627 3786 „hic
651 3707 1142 3772 enimestverusPrometheus”
1162 3731 1227 3772 non

51 3815 115 3880 nisi
151 3813 192 3878 ad
215 3813 440 3899 praecedentia
464 3813 634 3901 spectant.)
661 3815 703 3878 24
728 3811 818 3895 (151)
843 3813 957 3878 Omnis
980 3815 1043 3878 ista
1065 3812 1226 3878 confessio

51 3922 180 3985 illorum
216 3941 279 4004 qua
314 3943 348 3985 se
384 3921 461 3985 deos
483 3929 614 4006 negant
645 3943 715 3984 esse
751 3942 876 4004 quaque
911 3942 976 3984 non
1009 3921 1104 3984 alium
1133 3918 1227 3983 deum

47 4026 249 4114 respondent
283 4035 408 4112 praeter
442 4050 549 4107 unum,
577 4029 628 4091 cui
663 4049 721 4091 nos
745 4027 987 4110 mancipamur,
1012 4027 1088 4090 satis
1112 4023 1227 4089 idonea

12 4097 20 4164 7
