2788 4500
704 190 746 254 58

138 383 176 445 de
199 380 260 446 deo
284 384 349 467 pati
374 384 594 448 existimantur
618 383 788 465 (interdurn
811 385 905 461 enim,
924 405 1002 446 cum
1022 401 1086 464 per
1101 380 1256 443 homines
1269 378 1319 440 vel

138 487 178 551 ab
211 487 391 551 hominibus
426 489 546 574 aliquid
580 491 624 572 fit,
658 490 770 555 eadem
801 489 1037 576 praepositione
1067 485 1156 549 Tert
1191 481 1318 562 11111111.)

139 594 181 656 23
206 591 296 674 (151)
321 593 434 657 Colitis
457 595 539 673 illos,
562 596 648 681 quod
673 599 781 678 sciam,
806 598 901 660 etiam
924 596 961 658 de
983 594 1137 676 sanguine
1154 590 1320 654 Christia-

137 721 259 762 norum.
285 700 325 762 27
352 696 441 782 (167)
466 700 525 766 1110
550 704 673 768 scilicet
696 704 825 788 spiritus
849 700 1074 765 daemoniacae
1099 707 1132 762 et
1148 698 1320 780 angelicae

140 815 306 890 paraturae
328 807 365 869 de
387 807 547 872 mentibus
573 811 688 873 vestris
711 807 865 874 adversus
888 829 946 871 nos
963 806 1145 891 proeliatur.
1162 804 1208 867 39
1225 801 1320 883 (207)

140 911 249 975 Coena
277 918 387 976 nostra
418 915 455 977 de
487 917 615 979 nomine
638 918 792 979 rationem
816 916 865 978 sui
888 912 1037 978 ostendit
1061 913 1103 974 46
1129 908 1227 991 (232)
1257 909 1323 986 Qui

139 1039 198 1080 nos
235 1009 399 1082 revincere
434 1018 575 1097 audebit,
605 1042 671 1084 non
694 1029 761 1084 arte
786 1019 964 1098 verborum,
991 1016 1050 1081 sed
1073 1015 1186 1080 cadem
1215 1015 1325 1080 forma

140 1143 203 1205 qua
224 1122 445 1207 probationem
467 1127 700 1206 constituimus,
723 1126 761 1188 de
783 1126 941 1188 veritate?
966 1120 1046 1203 trel:
1071 1145 1112 1208 op
1128 1120 1241 1206 grand
1260 1143 1322 1186 van

140 1227 180 1292 de
209 1229 402 1312 waarheid?)
434 1232 476 1294 50
502 1227 592 1312 (266)
617 1239 770 1315 quantum
792 1232 829 1295 de
852 1232 1064 1294 monumentis
1088 1230 1230 1314 potestis
1260 1230 1321 1291 sci·

138 1334 221 1412 licet,
256 1339 423 1421 praestatis
455 1344 487 1400 et
511 1339 572 1421 ipsi
597 1336 832 1421 quodammodo
855 1337 987 1399 mortuis
1010 1337 1289 1399 resurrectionem
1302 1330 1320 1395 ¹.

618 1620 832 1630 -----

189 1841 274 1919 „De”
283 1843 484 1924 praepositio
503 1863 567 1924 pro
590 1843 741 1905 Ablule'vc
754 1841 931 1904 Partitico:
944 1843 963 1904 5
977 1837 1046 1920 (28)
1061 1839 1131 1904 Scit
1139 1839 1187 1903 M.
1202 1841 1319 1904 Aemi-

138 1948 203 2011 lius
215 1947 255 2011 de
269 1946 329 2012 deo
342 1969 399 2010 suo
408 1947 554 2011 Alburno
568 1946 661 2032 (Belg
671 1971 678 2012 :
690 1948 841 2012 Daarvan
855 1950 881 2010 11
891 1950 1019 2032 getuige
1033 1946 1081 2009 M.
1095 1947 1259 2010 Aemilius
1273 1956 1323 2010 ter

142 2054 219 2117 zake
243 2075 306 2116 van
329 2053 389 2136 zijn
411 2051 475 2136 god
499 2051 686 2134 Alburnus).
712 2055 731 2116 5
756 2051 824 2134 (31)
847 2053 1077 2138 Temptaverat
1100 2061 1133 2116 ct
1155 2052 1322 2117 Domitia-

67 2200 70 2205 -
143 2183 213 2241 nus,
243 2161 346 2244 portio
375 2158 513 2222 Neronis
540 2161 577 2223 cle
601 2159 797 2224 crudelitate.
824 2161 842 2222 9
868 2156 935 2239 (49)
960 2158 991 2223 Ο
1015 2158 1132 2222 Jovem
1156 2156 1322 2223 Christia-

143 2288 219 2330 num
254 2272 285 2328 et
319 2254 419 2328 solum
454 2268 553 2350 patris
587 2266 685 2329 filium
717 2268 754 2329 de
785 2263 981 2328 crudelitate.
1013 2266 1032 2326 9
1058 2261 1126 2346 (52)
1155 2264 1324 2330 Ructatur

144 2370 277 2457 proinde
308 2371 348 2434 ab
372 2371 499 2434 homine
522 2393 596 2434 caro
620 2378 712 2456 pasta
734 2372 771 2433 de
793 2369 930 2456 homine.
957 2370 996 2433 11
1022 2366 1091 2450 (67)
1116 2369 1260 2453 aliquem
1285 2372 1324 2433 de

143 2479 301 2563 sapientia
336 2475 397 2558 (ter
431 2477 508 2540 zake
544 2474 618 2557 van)
655 2474 818 2554 Socraten,
854 2477 891 2539 de
918 2477 1039 2539 iustitia
1068 2474 1248 2552 Aristiden,
1284 2479 1324 2539 de

142 2585 254 2647 militia
284 2583 533 2660 Themistoclen,
563 2584 600 2646 cle
624 2581 817 2646 sublimitate
841 2581 1074 2658 Alexandrum,
1098 2583 1136 2645 de
1159 2580 1322 2646 felicitate

143 2691 343 2774 Polycraten,
379 2691 416 2753 de
451 2691 543 2774 copia
579 2687 743 2766 Croesum,
779 2689 817 2752 de
851 2688 1032 2772 eloquentia
1060 2687 1321 2752 Demosthenen.

145 2795 231 2878 (Non
254 2799 410 2860 assentior
433 2795 586 2879 Langeno
610 2797 733 2879 putanti
758 2793 789 2857 11.
806 2793 826 2857 l.
843 2795 881 2857 de
897 2795 1163 2879 praepositionem
1177 2795 1323 2857 circum-

145 2903 283 2968 scribere
308 2902 504 2967 Genetivurn
527 2924 645 2981 casum,
671 2924 774 2986 neque
798 2899 905 2964 Sittlio
931 2898 1006 2979 (lok.
1035 2891 1170 2966 Versch.
1187 2899 1248 2963 der
1264 2900 1323 2964 lat.

145 3007 216 3094 Spr.
256 3031 287 3093 p.
333 3006 409 3089 127)
451 3007 578 3071 docenti
618 3009 655 3070 de
686 3008 955 3092 praepositionem
983 3005 1027 3072 h..
1044 3004 1065 3068 l.
1096 3007 1163 3069 vim
1197 3005 1323 3070 habere

145 3111 440 3194 instrumentalem.)
483 3114 522 3176 12
563 3111 630 3195 (68)
675 3113 844 3188 Quantum
881 3115 978 3196 igitur
1014 3114 1051 3176 de
1085 3112 1153 3176 deis
1188 3115 1324 3189 vestris,

144 3223 275 3284 nomina
307 3218 505 3284 solummodo
538 3217 633 3283 video
663 3218 872 3302 quorumdam
897 3227 1040 3282 veterum
1064 3227 1263 3286 mortuorum
1287 3231 1323 3282 et

146 3325 270 3389 fabulas
294 3324 389 3389 audio
414 3333 446 3389 et
469 3347 559 3389 sacra
582 3324 622 3388 de
646 3324 763 3388 fabulis
787 3347 998 3409 recognosco:
1023 3332 1187 3409 quantum
1209 3334 1323 3389 autem

108 3424 111 3428 ⁵
145 3433 182 3495 de
213 3433 390 3496 simulacris
416 3433 504 3516 ipsiS,
528 3429 608 3492 nihil
631 3428 717 3492 aliud
740 3428 940 3514 reprehendo
964 3452 1059 3514 quarn
1083 3439 1143 3494 etc.
1168 3431 1209 3493 35
1223 3426 1321 3511 (185)

147 3537 196 3600 De
219 3540 335 3600 uostris
359 3540 450 3601 annis
473 3545 587 3621 augeat
601 3535 660 3599 tibi
672 3535 821 3621 Juppiter
837 3539 953 3600 annos!
977 3537 1019 3600 42
1038 3534 1128 3618 (221)
1145 3536 1322 3613 Quomodo
1370 3557 1371 3588 r

148 3673 361 3684 ———-·-—

187 3743 195 3790 1
220 3745 255 3798 cf.
283 3744 319 3797 ad
345 3743 410 3797 Nat.
433 3743 456 3796 Ι.
474 3745 492 3796 4
511 3743 585 3811 (281)
603 3743 677 3796 Nam
695 3748 722 3796 et
740 3743 799 3812 ipsa
816 3759 910 3812 perse
928 3742 1081 3796 traducitur
1098 3742 1251 3812 disciplina,
1272 3760 1322 3796 nec

147 3831 257 3886 aliunde
284 3831 426 3902 prodimur
443 3848 527 3900 quam
544 3832 575 3884 de
592 3831 665 3886 bono
682 3838 782 3894 nostre,
802 3831 825 3882 si
844 3830 887 3898 l:
906 3831 928 3883 si
947 3830 1068 3900 quidem)
1087 3837 1115 3884 et
1132 3831 1200 3884 mali
1216 3829 1252 3884 de
1272 3849 1324 3885 suo

149 3919 221 3973 malo
239 3918 348 3972 rabiant
366 3919 424 3986 (Sic
441 3925 469 3972 et
486 3919 551 3971 meli
570 3919 604 3972 de
622 3934 672 3972 suo
690 3918 763 3972 malo
781 3917 913 3972 radiant?
931 3919 1022 3987 Reiff.)
1042 3936 1091 3973 cur
1102 3935 1152 3974 nos
1164 3919 1216 3973 soli
1224 3927 1323 3973 contra

147 4010 274 4062 instituta
291 4014 406 4061 naturae
424 4006 534 4074 pessimi
552 4005 586 4058 de
604 4005 676 4059 bono
694 4006 881 4059 denotamur?
894 4036 927 4044 —
