2788 4500
736 241 777 304 38

173 443 205 500 0(
239 436 300 501 hoc
324 435 521 508 0010000000
544 444 694 500 nostram.
720 438 762 500 22
787 436 875 511 (134)
911 435 1024 502 Sciunt
1046 437 1220 503 daemones
1243 439 1340 524 philo·

172 542 275 628 sophi,
301 541 433 607 Socrate
456 544 527 628 ipso
550 543 593 606 00
603 536 769 607 00000000
780 543 959 608 arbitrium
972 553 1188 630 exspectante.
1202 547 1244 609 22
1258 546 1342 620 (140)

57 657 60 662 “
173 648 321 713 Laedunt
355 651 440 713 enim
473 651 586 735 primo,
611 649 726 714 dehinc
749 649 890 715 remedia
913 654 1113 737 praecipiunt
1126 655 1180 719 ,00
1201 654 1341 716 mairam·

174 758 244 820 lum
267 777 354 820 nova
376 757 445 820 sive
469 758 637 835 contraria,
663 779 732 840 sqq.
759 757 800 820 23
825 758 912 831 (146)
937 765 968 822 0(
993 760 1019 822 01
1043 758 1121 844 quid
1144 761 1188 823 00
1205 758 1339 823 dedecus

172 861 267 939 iacit;
303 863 345 926 23
381 863 468 937 (150)
492 885 586 927 nemo
608 865 652 928 (0(
674 883 776 927 summ
798 865 931 928 0000000
953 867 1114 948 mentitur,
1139 867 1217 950 quin
1240 868 1340 952 potins

172 971 216 1033 00
243 965 411 1051 ¹tremorem.
437 971 478 1033 25
503 971 590 1044 (163)
614 969 699 1054 frugi
722 970 833 1054 religio
857 978 890 1052 et
912 994 1068 1058 pauperes
1091 975 1182 1049 01000,
1206 982 1240 1036 0(
1263 972 1341 1035 0000

173 1075 333 1161 Capitolia
345 1077 499 1140 certantia
510 1077 554 1139 00(
564 1077 707 1151 00070000
721 1077 761 1139 31
777 1077 865 1152 (177)
878 1076 1000 1142 Scitote
1013 1100 1054 1143 ex
1065 1079 1128 1141 illis
1141 1086 1342 1164 praeceptum

173 1172 243 1247 esse
279 1181 371 1246 nobis
406 1185 450 1252 (0(
483 1183 742 1247 redundantium
776 1182 983 1268 benignitatis
1007 1187 1103 1249 etiam
1127 1207 1186 1271 pro
1209 1187 1342 1248 inimicis

172 1289 267 1354 deum
302 1311 408 1366 crare3
445 1291 486 1352 36
522 1289 610 1364 (190)
645 1287 760 1368 officia,
797 1290 911 1374 quibus
943 1299 976 1355 et
997 1290 1155 1355 hostilitas
1178 1293 1281 1374 magis
1305 1291 1343 1352 (0(

134 1470 139 1482 Ι
171 1398 390 1460 uelamentum
425 1397 474 1459 001
508 1418 551 1482 pc
551 1403 614 1459 00(
648 1394 759 1478 fungi;
796 1397 837 1459 39
871 1397 958 1471 (203)
988 1396 1114 1474 1,00(000
1139 1399 1193 1480 qui
1218 1396 1259 1460 de
1283 1418 1341 1460 000

174 1510 263 1565 utero
297 1503 493 1585 ignorantiae
528 1503 671 1566 00000000
706 1503 750 1564 00
782 1523 887 1588 00000
911 1505 1014 1566 lucem
1038 1511 1239 1589 expaverunt
1261 1505 1344 1566 veri·

172 1610 265 1685 tatis;
291 1609 332 1672 45
357 1609 445 1687 (229)
468 1608 543 1673 1000
566 1630 626 1672 000
650 1608 763 1693 plenae
787 1629 846 1670 000
868 1581 950 1672 adeo
974 1608 1206 1673 0100000000(
1157 1617 1206 1672 00(
1207 1631 1235 1672 rs
1248 1608 1358 1672 00000
1357 1583 1358 1658 0

174 1715 278 1799 plinae
313 1717 357 1779 00
389 1717 590 1780 innocentiae
625 1716 810 1791 veritatem
846 1716 888 1778 46
920 1717 1008 1791 (233)
1038 1738 1116 1780 cur
1126 1737 1202 1800 ergo
1231 1715 1358 1800 quibus

116 1901 120 1907 ‚
159 1842 396 1916 ¹comparamur
430 1821 469 1886 de
505 1821 684 1907 disciplina,
721 1843 784 1884 non
819 1821 953 1906 proinde
980 1823 1043 1886 illis
1067 1821 1284 1906 adaequamur
1307 1823 1345 1884 00

177 1928 343 1992 licentium
382 1929 678 2012 impunitatemque
712 1927 920 2012 disciplinae?
955 1929 1015 1992 47:
1051 1927 1127 1991 dum
1162 1929 1206 1992 od
1241 1937 1345 1991 nostra

176 2041 332 2098 conantur
366 2034 431 2110 (ubi
463 2043 568 2099 mente
598 2033 782 2098 addendum
806 2043 869 2100 e'st:
894 2037 1092 2122 pervenirem
1115 2013 1158 2099 47
1184 2037 1273 2110 (246)
1298 2035 1345 2098 Ex

173 2141 287 2205 horum
322 2143 442 2207 semine
477 2143 573 2206 etiam
601 2148 741 2205 nostram
766 2142 848 2206 hanc
871 2138 1059 2207 novitiolam
1081 2149 1265 2228 paraturam
1290 2144 1347 2206 viri

174 2247 304 2332 quidam
334 2250 400 2312 suis
430 2248 633 2354 opinionibus
664 2250 707 2312 (0(
729 2247 966 2334 philosophicas
990 2249 1126 2312 sentent
1117 2269 1164 2311 ras
1188 2246 1279 2310 adult
1266 2255 1347 2311 tera·

173 2362 290 2419 verunt
324 2357 355 2429 (1
392 2377 419 2418 0.
455 2377 621 2440 perperam
653 2357 853 2441 interpretati
876 2364 959 2434 sunt,
984 2362 1020 2418 ut
1042 2353 1083 2418 ad
1107 2353 1346 2440 philosophicas

49 2477 52 2484 '
174 2463 348 2524 sententias
383 2452 587 2546 pervenirent
620 2463 641 2524 i.
674 2483 700 2524 0.
726 2484 779 2527 000
804 2485 843 2525 ex
867 2485 905 2526 ea
928 2457 1099 2539 eruerent);
1124 2462 1165 2525 47
1192 2449 1283 2535 (248)
1309 2461 1347 2524 Et

173 2566 351 2651 gehennam
383 2569 409 2630 si
434 2569 671 2645 comminemur,
697 2589 779 2652 quae
803 2570 883 2632 est
875 2569 957 2653 ignis
981 2570 1088 2633 arcani
1108 2566 1348 2632 subterraneam

175 2675 218 2736 od
235 2693 378 2756 0000000
400 2673 578 2761 thesaurus,
603 2673 737 2759 proinde
761 2672 1105 2739 decachinnamur-18
1130 2674 1218 2748 (102)
1236 2672 1358 2752 Voces¹

176 2802 285 2843 eorum
318 2781 457 2863 itemque
481 2781 625 2858 virtutes
650 2803 728 2864 quas
752 2782 796 2844 00(
817 2781 917 2863 fidem
941 2780 1118 2846 divinitatis
1143 2779 1297 2859 edebant,
1322 2753 1358 2843 1000

176 2884 331 2948 thesauris
355 2885 531 2948 litterarum
553 2896 692 2964 manent,
717 2908 776 2950 nec
800 2889 879 2972 istae
902 2888 1011 2951 latent.
1031 2891 1041 2926 ¹

221 2990 317 3055 Nunc
340 3013 416 3056 vero
440 2983 636 3056 transeamus
660 2992 701 3056 ad
725 3015 797 3056 eum
815 2993 895 3070 „ad”
912 2993 1156 3078 praepositionis
1169 3015 1277 3071 usum,
1292 3014 1349 3078 000

177 3101 220 3163 od
241 3099 455 3162 irsdteomlam
478 3119 612 3162 eausam
635 3100 783 3164 00010ον(
805 3101 970 3164 uideatur:
994 3101 1035 3163 21
1062 3096 1152 3181 (126)
1165 3099 1219 3162 Ad
1231 3099 1350 3164 doetri-

178 3229 250 3270 nam
263 3227 340 3269 vero
354 3206 421 3268 eius
435 3225 499 3289 qua
509 3205 757 3269 revincebantur
767 3208 910 3290 magistri
922 3203 1351 3292 primoresqueIudaeorunr,

178 3315 222 3376 ita
246 3309 524 3397 exasperabantur,
550 3319 584 3374 ut
602 3321 763 3396 postremo
780 3310 920 3376 oblatum
932 3312 1049 3375 Pontio
1062 3311 1165 3375 Pilato
1177 3312 1212 3374 in
1223 3334 1350 3377 0000000

220 3518 227 3544 ¹
252 3519 287 3573 ef.
306 3520 389 3572 etiam
407 3518 443 3573 ad
461 3519 540 3573 Natt.
558 3518 599 3574 II.
618 3517 690 3587 (308)
708 3536 763 3589 quo
781 3521 869 3590 magis
887 3520 950 3575 odio
968 3526 1057 3575 vestro
1070 3519 1246 3591 competebat
1257 3537 1351 3575 —non

139 3601 142 3608 ⁴
179 3609 215 3662 00
240 3609 408 3676 sepelimus
435 3614 537 3663 certare
558 3637 594 3645 -—
612 3607 659 3661 sed
677 3609 714 3662 ud
731 3609 924 3675 consessionem
942 3609 1112 3680 singulorum
1130 3609 1267 3664 scelerum
1288 3611 1317 3680 (i.
1334 3629 1352 3662 0.

180 3702 281 3750 certare
309 3702 341 3750 ut
367 3697 403 3750 00
431 3690 627 3764 confessionem
645 3697 848 3767 perveniretis);
867 3698 903 3753 ad
921 3699 999 3753 Natt.
1018 3699 1059 3754 Π.
1078 3700 1094 3751 2
1113 3697 1187 3767 (352)
1207 3701 1351 3754 accedente

134 3823 136 3828 ,
180 3783 292 3838 libidine
311 3784 421 3854 gloriae,
440 3786 476 3838 00
489 3785 601 3854 proprii
617 3785 725 3854 009000(
742 3804 822 3855 opem
840 3793 900 3840 mut
901 3804 971 3852 assc;
990 3786 1026 3841 00
1044 3787 1124 3842 Natt.
1142 3787 1182 3841 ll.
1201 3789 1233 3840 5:
1249 3788 1352 3844 000010

180 3873 368 3942 voluptatibus
398 3890 505 3943 quoque
523 3890 579 3928 non
598 3874 682 3928 tibiae
700 3881 749 3930 aut
737 3876 887 3931 teitharae
906 3893 1034 3931 coronam
1052 3877 1089 3930 ud
1100 3893 1262 3945 praemium
1283 3877 1358 3936 adiu-l

181 3961 277 4015 dicatis
305 3962 332 4026 (1.
355 3980 379 4016 0.
397 3967 429 4015 0(
446 3963 599 4032 praemium
618 3963 672 4032 sit).
692 3963 727 4018 ad
746 3965 824 4020 Natt.
843 3966 882 4019 ΙΙ.
902 3967 934 4018 9·
928 3965 1020 4036 ,quid
1039 3964 1180 4020 Sterculus
1198 3969 1305 4022 meruit
1323 3947 1358 4022 adl

159 4047 353 4103 ¹divinitatem
373 4050 401 4118 (1.
420 4069 443 4104 0.
462 4056 493 4103 ut
482 4051 547 4104 tad
566 4052 664 4106 divinit
653 4058 737 4106 tatem
756 4055 926 4122 perveniret.)
1232 4060 1239 4078 '
1325 4019 1358 4074 0
