2808 4492
696 172 758 234 154

176 365 434 432 Pnaetorosse
466 365 586 432 alicui
618 364 677 430 rei
710 391 753 418 =
780 387 849 430 aaa
871 368 989 445 adesse,
1013 368 1160 431 alienam
1183 389 1248 432 csse
1271 371 1316 432 ab

135 475 250 556 aliqua
283 495 327 551 re,
358 475 627 557 praetermittere,
662 473 833 549 absterrere,
869 474 1071 552 reticentiam,
1104 487 1152 542 aa.
1177 488 1226 556 εἰν,
1251 483 1313 539 est.

137 582 178 644 38
193 577 283 660 (197)
298 578 379 642 Cum
393 586 425 642 et
436 581 514 664 ipsis
528 579 622 642 rebus
635 577 675 641 de
688 577 804 661 quibus
816 580 1044 662 transiguntur,
1051 585 1314 662 praetereamus.

179 683 462 750 Praevaricari
497 711 539 738 =
575 683 767 766 traaspredi,
807 695 1005 767 παραβαίνειν,
1042 687 1215 768 peccares
1241 684 1313 767 (17)

132 792 382 878 ⁸Praevaricaris
405 794 437 854 in
461 793 562 876 leges;
587 790 630 856 ol.
650 789 799 854 Riinseh:
816 789 844 852 I.
861 813 892 854 u.
909 789 953 856 V.
973 813 1025 875 pg.
1043 792 1106 855 377
1118 815 1125 867 ;
1138 792 1314 875 praevari-
1394 810 1395 904 q

136 921 208 964 care
227 898 355 980 aliquid
366 923 408 950 =
420 901 642 974 παραβαίνειν
661 895 759 960 habet
771 896 941 979 Augustin.
955 904 1047 961 tract.
1061 899 1094 960 in
1109 897 1222 961 Ioann.
1242 897 1313 973 99.;

135 1006 178 1070 el.
206 1005 294 1069 Hier.
319 1027 347 1068 e.
372 1004 481 1088 Pelag.
505 1003 570 1068 HI.
596 1005 635 1066 6:
671 1010 726 1067 aut
750 1005 846 1066 scivit
868 1003 959 1066 Deus
983 1003 1142 1067 hominem
1166 1006 1200 1067 in
1216 1025 1312 1088 para·

135 1112 205 1176 diso
240 1101 379 1197 positnm
409 1111 720 1194 praevaricaturam
755 1132 826 1173 esse
858 1110 1043 1174 mandatum
1066 1112 1150 1174 illius
1175 1118 1230 1175 aut
1252 1133 1313 1174 ne·

131 1207 250 1293 'scivit;
275 1217 318 1280 of.
342 1216 450 1280 Rufin.
473 1215 563 1300 Orig.
588 1218 622 1280 in
645 1239 695 1301 ep.
720 1215 761 1280 ad
784 1216 877 1280 Rom.
901 1216 948 1280 H.
977 1218 1035 1281 13:
1057 1217 1198 1281 custodit
1209 1218 1315 1301 legem

135 1327 163 1388 is
198 1325 253 1408 qni
287 1346 356 1387 eam
392 1322 569 1386 secundum
603 1323 740 1386 litteram
774 1321 934 1400 observat,
959 1331 991 1386 et
1013 1324 1041 1387 is
1060 1325 1319 1406 praevertemur
1394 1357 1395 1370 ν

136 1453 214 1503 eam,
237 1431 291 1514 qui
315 1429 512 1514 spiritualem
536 1431 604 1492 eius
627 1451 692 1492 non
714 1436 803 1492 tenet
826 1451 965 1494 sensum.
993 1429 1135 1494 Rdnsch.
1152 1429 1193 1493 N.
1216 1429 1254 1494 T.
1272 1429 1315 1492 Τ.

136 1538 218 1611 695;
243 1534 389 1612 Goelzer,
415 1536 472 1599 lat.
498 1534 538 1599 de
562 1533 608 1599 St.
632 1535 698 1598 der.
723 1559 753 1620 p.
777 1536 852 1598 237.

177 1640 420 1705 Substantivum
458 1641 732 1724 „praevaricatio”
770 1665 813 1696 =
842 1648 1014 1726 peccatura
1046 1642 1174 1706 obviam
1198 1641 1315 1705 estad

134 1747 224 1810 Natt.
259 1746 306 1810 ΙΙ.
343 1747 383 1810 14
408 1744 498 1828 (394)
524 1747 732 1832 cupiditatem
755 1756 788 1813 et
810 1751 977 1812 avaritiam
1000 1750 1080 1813 lueri
1104 1748 1316 1826 vindicatam,

135 1875 198 1937 qua
221 1853 349 1938 quidem
372 1855 425 1918 ille
449 1855 543 1918 vivos
567 1854 608 1918 ad
631 1863 775 1932 mortem,
800 1877 863 1918 non
883 1863 1024 1920 mortuos
1042 1855 1082 1920 ad
1099 1858 1199 1920 vitam
1211 1876 1317 1938 prae-

134 1958 334 2023 uaricatione
356 1959 479 2023 venalis
502 1960 679 2024 medicinae
703 1960 828 2045 agebat.

179 2063 431 2142 Praevenim,
458 2067 497 2130 19
523 2064 612 2148 (109)
642 2067 811 2151 „Moyses”
838 2068 1078 2153 quadringentis
1102 2090 1203 2154 paene
1219 2070 1318 2132 annis

137 2194 212 2236 nam
236 2179 268 2234 et
291 2178 413 2256 septem
437 2173 541 2234 minus
565 2171 714 2236 Danaum
725 2173 906 2256 praevenit.
922 2170 976 2254 t:
989 2179 1091 2237 aetate
1098 2173 1317 2257 praecedere).

136 2277 188 2342 Of.
223 2299 252 2340 o.
289 2278 348 2340 21:
388 2283 578 2360 ,praeacuto
605 2279 761 2342 carnificis
786 2277 919 2343 officio.”
947 2280 1142 2344 Praeaeairc
1161 2301 1317 2364 :supe-

134 2404 218 2460 rare,
252 2388 425 2466 praestare,
463 2387 647 2448 antecellere
681 2386 796 2469 legitur
826 2385 911 2472 apud
936 2385 1005 2450 Col.
1031 2388 1061 2452 3.
1087 2389 1117 2451 2.
1145 2388 1202 2451 14;
1227 2389 1318 2451 vites

137 2488 334 2553 fecunditate
353 2510 487 2572 praee,
509 2489 593 2554 Plin.
621 2492 672 2554 16.
697 2493 755 2555 26:
776 2495 1005 2576 germinatione
1022 2493 1116 2558 arbor
1129 2495 1315 2577 praeuertit.
1395 2495 1396 2534 ³

179 2593 402 2659 Procedere
424 2620 466 2648 =
489 2596 566 2678 fieri
597 2597 636 2659 13
665 2594 733 2678 (72)
758 2598 910 2682 praelatio
934 2599 1063 2663 alterius
1087 2601 1155 2663 sine
1179 2586 1314 2663 alterius

89 2691 92 2699 ¹
134 2702 332 2765 contumelia
354 2724 419 2765 non
442 2710 548 2787 potest
566 2706 745 2786 procedere.

180 2804 401 2887 Prodigere
417 2833 460 2862 =
472 2830 625 2892 peragere
637 2808 738 2873 edidit
750 2809 1008 2896 Haveroampius
1025 2834 1064 2875 ex
1076 2814 1159 2875 coni.
1171 2810 1319 2876 Heraldi

138 2915 178 2977 18
214 2911 304 2994 (191)
339 2921 375 2976 ut
409 2917 463 2998 qui
486 2917 642 2998 prodacto
678 2913 784 2997 (codd.
809 2919 986 3000 prodacto,·
1015 2925 1039 2974 t·
1058 2915 1202 3001 peracto)
1233 2940 1322 2982 aevo

135 3022 197 3084 isto
220 3019 416 3084 iudicaturus
440 3021 482 3083 sit
504 3042 579 3084 suos
603 3023 740 3086 cultores
752 3025 786 3086 in
798 3025 884 3087 vitae
896 3032 1044 3088 aeternae
1057 3024 1315 3089 retributionem.

136 3126 230 3191 Oehl.
258 3126 286 3191 I.
316 3149 369 3212 pg.
394 3127 458 3190 285
482 3127 574 3211 plura
596 3128 689 3220 huius
712 3128 804 3193 verbi
827 3131 973 3215 exempla
995 3130 1132 3214 collegit.
1157 3128 1210 3194 of.
1235 3130 1319 3196 adv.

136 3233 239 3297 Maro.
263 3232 309 3299 V.
335 3235 354 3297 6
380 3230 434 3314 (Ο.
457 3233 504 3297 Π.
528 3256 581 3319 pg.
607 3233 684 3316 299)
708 3258 809 3320 paene
833 3238 896 3300 iam
919 3237 994 3300 totis
1011 3236 1146 3300 saeculis
1159 3241 1321 3302 creatoris

131 3340 309 3423 prodactis,
334 3362 404 3424 sqq.
428 3341 483 3404 ubi
506 3340 569 3405 duo
594 3339 677 3405 Cdd.
701 3340 812 3407 Vatia.
836 3341 968 3406 habent:
987 3344 1167 3426 productis.

182 3445 353 3528 Prodipere
383 3447 421 3509 ia
452 3448 598 3512 nihilum
619 3448 794 3513 insolenter
816 3430 933 3514 dieitur
955 3449 998 3512 48
1024 3446 1114 3530 (255)
1138 3471 1320 3534 quaecum·

134 3572 199 3636 que
233 3558 264 3615 te
299 3554 431 3616 materia
466 3552 667 3633 destruxerit,
703 3555 853 3634 hauserit,
885 3554 1070 3632 aboleverit,
1103 3557 1142 3619 ia
1164 3557 1320 3624 nihilum

134 3657 326 3741 prodeperit.

182 3759 404 3842 Profligare
428 3789 470 3816 =
492 3764 688 3847 impendere,
712 3766 888 3844 insumere,
907 3768 1131 3850 pessumdare,
1139 3769 1323 3852 prodigere

9 3909 10 3916 ν
140 3865 181 3927 42
207 3865 296 3948 (224)
322 3870 426 3932 sciant
448 3866 563 3932 Sabaei
587 3871 686 3953 pluris
711 3878 743 3935 et
766 3874 895 3936 carioris
920 3895 993 3936 suas
1018 3894 1139 3937 meroes
1153 3871 1322 3940 Christia-

9 3921 11 4016 4
141 3971 191 4032 nis
216 3973 407 4055 sepeliendis
427 3974 604 4057 proflipari
627 3998 721 4059 quam
745 3977 813 4042 deis
837 3978 1042 4064 fumigandis
