2788 4500
633 274 674 337 69

485 496 489 498 ·
544 463 726 535 SUPER.
753 473 765 510 ¹

118 646 266 731 „Super”
288 649 490 732 praepositio
506 670 582 713 earo
597 651 670 714 Aee.
687 651 857 734 sipaifioat
868 651 1012 733 aliquem
1018 654 1151 733 praeter
1162 649 1244 712 alios

69 753 187 836 aliqua
209 775 244 819 re
267 756 423 833 excellere,
448 776 511 839 qao
533 777 633 820 seara
655 759 746 840 apud
770 758 852 821 rea.
876 757 1009 840 saepius
1033 777 1133 839 quam
1156 753 1247 838 apud

69 861 153 924 alios
177 861 350 944 seripturas
378 860 512 946 „saper”
539 859 688 926 adhiberi
707 864 795 927 solet.
818 863 860 926 30
872 859 961 944 (173)
976 861 1089 926 Sciunt
1101 864 1171 946 quis
1184 861 1245 924 illis

70 965 199 1032 dederit
221 969 398 1052 imperium,
422 970 528 1032 solunt
551 991 614 1053 qua
635 969 780 1034 homines
804 967 875 1055 quis
899 979 932 1035 et
943 972 1090 1048 animam,
1105 970 1246 1032 sentiunt

74 1095 148 1136 eum
172 1095 244 1138 esse
267 1073 362 1137 deum
386 1059 488 1139 solum
511 1077 544 1138 in
567 1077 657 1140 ouius
682 1077 779 1140 solius
792 1084 950 1162 potestate
964 1070 1047 1154 sunt,
1065 1096 1159 1159 aquo
1172 1082 1246 1138 sunt
1287 1102 1298 1121 ε

70 1179 218 1258 secundi,
253 1189 328 1266 post
355 1204 449 1266 quem
480 1184 583 1267 primi,
614 1191 687 1247 ante
712 1197 821 1248 omnes
846 1192 878 1248 et
899 1204 1000 1267 saper
1025 1203 1134 1246 omnes
1158 1181 1246 1245 debe.

72 1286 225 1364 Quidni?
249 1309 322 1351 eum
344 1285 444 1372 saper
467 1311 577 1353 omnes
586 1289 741 1368 homineS,
755 1291 810 1374 qui
821 1293 931 1374 utique
943 1291 1059 1354 vivunt
1070 1295 1104 1352 et
1114 1289 1247 1351 mortuis

72 1396 240 1458 antistant.
266 1391 280 1429 ²
965 1385 970 1394 ’

104 1501 150 1563 Ἀ
180 1500 377 1566 Tertulliano
402 1504 580 1586 promiscue
603 1524 676 1566 oum
700 1502 841 1567 ablativo
864 1501 918 1566 vel
940 1501 1125 1566 aecusativo
1148 1520 1248 1582 sapor

71 1609 269 1693 praepositio
292 1610 504 1693 coniungitur,
527 1608 615 1692 quod
627 1611 703 1673 satis
718 1609 809 1694 longe
820 1609 860 1674 ab
872 1631 932 1672 usu
945 1609 1105 1672 communi
1116 1605 1247 1670 recedit.

76 1713 225 1798 „Super”
253 1713 365 1778 eadem
387 1717 509 1780 ratione
522 1715 692 1781 adhibetur
703 1725 798 1801 atque
811 1718 848 1781 da
860 1717 1064 1802 praepositio,
1081 1722 1118 1777 ut
1128 1713 1249 1778 indicet
1264 1702 1270 1725 ‘

71 1822 235 1884 actionem
258 1820 418 1905 quandam
440 1821 554 1886 referri
577 1822 618 1916 ad
634 1823 773 1908 aliquem
783 1823 945 1892 hominem
956 1823 1009 1887 vel
1021 1823 1159 1906 aliquam
1170 1842 1247 1885 rem.

12 1915 21 1956 ⁷
69 1927 277 2011 Quamquam
311 1927 391 1993 haee
428 1950 528 2012 saper
547 1913 806 2017 ‘praepositionis
842 1931 1031 2018 significatio
1065 1925 1120 2009 (ε
1154 1929 1191 1991 da
1221 1948 1246 1991 e.
1317 2014 1322 2018 -

71 2031 161 2115 Abi.)
186 2035 219 2097 in
242 2032 327 2100 bona
349 2035 505 2100 latinitate
529 2058 593 2100 non
616 2039 661 2101 ita
683 2059 755 2101 raro
778 2039 948 2115 invenitur,
975 2033 989 2072 ³
1012 2033 1098 2121 apud
1120 2035 1248 2099 Tertul-

9 2173 17 2207 υ
70 2141 194 2205 lianum
217 2149 324 2206 tamen
347 2141 381 2206 id
404 2164 531 2227 quoque
555 2142 714 2227 singulare
737 2142 957 2236 habetsapor,
971 2140 1057 2226 quod
1069 2163 1132 2205 non
1145 2141 1248 2228 solum

14 2291 15 2294 κ
70 2247 216 2312 ablativo
249 2247 307 2312 sed
325 2250 429 2335 etiam
453 2251 636 2314 accusativo
660 2251 871 2334 coniungitur,
895 2256 932 2312 ut
954 2271 994 2312 ex
1016 2248 1066 2312 his
1095 2248 1247 2333 exemplis

68 2354 260 2440 apparebit:
298 2352 313 2390 4
349 2357 389 2420 19
415 2340 505 2438 (107)
528 2355 677 2438 Habetis,
702 2356 919 2448 quodecim,
945 2364 977 2420 et
999 2376 1058 2445 vos
1083 2353 1246 2442 Sibyllam,

10 2505 20 2516 ,.
70 2469 233 2546 quatenus
257 2463 429 2548 appellatio
453 2465 514 2526 ista
536 2485 632 2527 verae
648 2465 732 2528 vatis
746 2461 797 2527 dei
810 2464 879 2526 veri
890 2463 1011 2548 passim
1022 2481 1122 2544 saper
1131 2466 1248 2525 eeteros

68 2570 126 2653 qui
165 2569 333 2633 vaticinari
367 2569 560 2634 videbantur
593 2576 745 2654 usurpata
779 2577 838 2634 est.
876 2570 917 2632 21
948 2564 1037 2649 (128)
1061 2567 1247 2652 Deliquium

9 2709 20 2749 e
69 2677 182 2760 utique
206 2682 400 2761 putaverunt
422 2678 477 2760 qui
500 2675 533 2739 id
557 2697 684 2760 quoque
696 2697 795 2760 saper
814 2674 941 2740 Christo
954 2672 1171 2761 praedicatum
1183 2695 1247 2761 non

9 2927 11 2935 l

12 2937 14 2952 l

9 3013 23 3073 li

9 3340 28 3378 inl

9 3880 29 3922 iti

67 2784 233 2858 seierunt;
259 2790 291 2846 et
312 2789 420 2846 tamen
443 2804 515 2847 eum
537 2781 648 2846 mundi
672 2804 781 2847 casum
803 2782 937 2846 relatum
953 2782 1119 2846 inareanis
1130 2781 1247 2868 vestris

71 2888 211 2952 habetis,
236 2890 278 2952 21
304 2885 394 2971 (130)
419 2889 468 2954 Ea
491 2891 596 2954 omnia
618 2910 718 2973 saper
744 2889 872 2954 Christo
895 2888 1030 2967 Pilatus,
1055 2897 1087 2952 et
1103 2889 1173 2973 ipse
1185 2889 1247 2951 iam

68 3018 131 3081 pro
157 3017 214 3059 sua
237 2999 434 3062 conscientia
457 2996 667 3074 Christianus,
693 2995 824 3062 Caesari
847 3005 923 3062 tune
935 2995 1066 3061 Tiberio
1077 2997 1245 3060 nuntiavit.

73 3100 145 3166 Sed
181 3109 212 3166 et
247 3101 402 3168 Caesares
436 3103 649 3168 credidissent
678 3125 778 3189 saper
804 3087 943 3186 Christo,
964 3105 992 3166 si
1014 3112 1069 3189 aut
1092 3101 1246 3167 Caesares

70 3231 141 3272 non
176 3216 284 3273 essent
317 3212 489 3275 necessarii
522 3210 658 3284 saeculo,
689 3217 743 3274 aut
766 3211 794 3274 si
818 3218 851 3274 et
873 3209 1048 3274 Ch1istiani
1069 3209 1248 3293 potuissent

111 3401 121 3428 ¹
150 3401 264 3456 rane
290 3420 317 3472 p.
342 3403 396 3479 tle
424 3403 440 3471 a
471 3403 536 3468 1oe;
555 3403 673 3473 areae
700 3402 724 3457 1.
749 3366 782 3472 pss
805 3401 857 3455 619
881 3418 920 3471 eq.
949 3399 1035 3454 Neue:
1054 3397 1247 3453 Formenlehre

9 3609 30 3655 ‚p
69 3490 297 3634 11qu?ssth
325 3580 361 3635 ad
388 3580 453 3636 Nat.
476 3581 516 3635 II.
537 3582 561 3636 6.
581 3586 664 3635 extu:
687 3578 776 3650 ¹,quod
794 3579 868 3632 enim
885 3595 966 3647 super
987 3575 1135 3641 hominem,
1154 3573 1248 3630 credas

66 3667 123 3724 deo
142 3669 308 3739 proximum.

109 3763 121 3792 ⁸
144 3757 180 3811 ei.
208 3756 325 3811 Kiihner
355 3757 386 3810 II
413 3775 441 3828 p.
466 3758 519 3812 416
546 3775 581 3821 o.;
610 3757 722 3826 Leipold
749 3755 834 3822 „iiber
857 3753 901 3808 die
920 3752 1041 3826 Spraohe
1059 3751 1106 3806 des
1124 3751 1248 3808 Juristen

70 3845 211 3900 Aemilius
233 3845 402 3916 Papinianus
430 3865 456 3917 p.
476 3847 524 3912 863
543 3847 593 3900 Dr.
611 3847 681 3902 Kato
702 3846 802 3912 „Rome
821 3845 941 3899 Juristen
963 3841 1034 3898 naeh
1052 3842 1110 3896 iher
1129 3839 1249 3912 Spraehe

71 3933 262 4005 dargeetellt.”
281 3952 308 4006 p.
330 3936 390 3990 105.
411 3937 509 4006 (lorpes
530 3935 580 4003 „de
597 3937 728 3991 sermonis
746 3935 866 3991 Gelliani
885 3931 1122 4005 proprietatibua¹'

112 4021 124 4049 ⁴
141 4023 179 4078 ad
197 4023 263 4079 Nat.
282 4024 306 4078 I.
329 4023 361 4079 10
379 4039 460 4094 super
477 4042 589 4080 causam
607 4024 711 4079 indicat
730 4023 884 4092 („lacrimas
901 4023 959 4076 eius
971 4038 1053 4090 super
1062 4018 1247 4090 Sarpedonem

66 4113 197 4169 excutit”
217 4113 235 4167 i.
253 4131 276 4167 e.
295 4113 422 4169 lacrimas
439 4119 551 4184 propter
567 4118 684 4167 mortem
703 4110 868 4182 Sarpedonis
886 4108 1015 4177 obortas.)
