2808 4492
708 253 771 317 130

154 450 209 536 qui
241 450 311 512 usui
343 446 601 527 humano,·ali1is
625 451 684 533 qui
703 447 822 512 iudicio
845 448 898 512 dei
921 455 1067 533 apparet.
1091 448 1144 514 Of.
1167 450 1264 514 etiam
1285 448 1325 514 de

104 568 110 582 ¹
153 553 300 640 Spectac.
327 554 368 618 10
392 561 424 619 et
450 553 515 635 ὥσ
536 554 581 646 ¹de
605 555 684 640 legg.
708 553 772 619 XI.
798 556 829 620 8.
843 556 904 620 21:
929 555 1113 620 sacerdotes
1136 553 1198 620 diis
1221 577 1324 640 appa-

152 666 254 725 rente.

198 762 627 832 Assistere=adiaeere
651 769 694 831 23
711 763 804 848 (142)
828 769 855 831 si
878 767 986 853 (magi)
1010 776 1042 832 et
1065 770 1188 832 somnia
1210 769 1325 832 immin

152 879 225 934 tunt
247 871 401 936 habentes
425 873 524 937 semel
546 875 753 938 invitatorum
768 874 953 958 angelorum
968 881 1001 938 et
1016 874 1207 939 daemonum
1222 875 1325 939 adas-

154 983 272 1042 teatem
295 977 356 1042 sibi
380 985 581 1064 potestatem,
606 1002 663 1065 per
688 1002 769 1064 quos
793 987 825 1044 et
848 1002 963 1065 caprae
987 987 1019 1045 et
1041 1003 1171 1045 mensae
1183 980 1326 1045 divinare

153 1091 366 1149 consuerunt:
402 1107 472 1170 sqq.
508 1083 561 1150 Of.
599 1086 690 1151 Suet.
725 1085 820 1157 Dom.
857 1087 917 1150 17:
953 1108 1032 1171 puer
1054 1087 1214 1150 assistens·
1232 1109 1325 1151 curae

154 1190 286 1255 Larium
307 1191 462 1264 cubiculi;
492 1191 567 1256 Tac.
590 1191 678 1256 Hist.
704 1193 734 1256 3.
749 1193 810 1268 31;
839 1191 969 1268 Queat.
993 1191 1021 1256 I.
1046 1193 1152 1270 3.14;
1176 1191 1204 1256 Ι.
1221 1194 1251 1257 2.
1270 1193 1326 1267 12;

154 1295 182 1362 I.
209 1298 262 1362 11.
288 1298 347 1374 14;
381 1296 423 1362 de
457 1298 574 1362 auxilio
609 1301 643 1362 in
676 1298 794 1363 iudicio
825 1299 921 1363 alicui
942 1299 1027 1363 lato:
1050 1299 1133 1363 Plin.
1159 1321 1208 1384 cp,
1234 1299 1264 1363 7.
1289 1299 1326 1364 6:

149 1404 356 1469 Assistebam
388 1401 522 1470 Vareno
545 1407 609 1469 iam
631 1412 754 1470 tantum
777 1413 813 1468 ut
835 1407 966 1484 amicus
991 1414 1024 1471 et
1045 1413 1152 1470 tacere
1175 1405 1327 1471 decreve-

153 1532 232 1576 ram.
256 1509 309 1575 Of.
332 1511 408 1595 Dig.
434 1512 488 1576 27.
503 1512 599 1576 7.25.

135 1679 137 1683 .
199 1614 401 1681 Adsolaro
424 1619 698 1702 :pessumdare
735 1619 775 1682 15
801 1614 886 1699 (alh
923 1617 1055 1703 Singula
1087 1621 1150 1684 ista
1183 1640 1327 1704 quaeque
1393 1664 1394 1672 .

155 1723 261 1788 adhuc
283 1725 477 1808 investigare
500 1725 571 1810 quis
595 1733 714 1811 posset,
736 1728 764 1788 si
778 1725 932 1790 honorem
947 1727 1125 1808 inquietant
1140 1725 1327 1803 divinitatio,
1393 1743 1394 1772 l

155 1832 184 1894 si
217 1832 392 1894 maiestatis
428 1832 565 1916 vestigia
601 1832 805 1899 obsoletant?
837 1827 1049 1917 (01111σί010011
1068 1832 1172 1896 vBeat.
1208 1831 1329 1908 Rhana

155 1933 345 2002 adsolant
380 1936 548 2002 ediderunt
574 1937 834 2023 Haverhampius
858 1945 890 2002 et
913 1937 1081 2022 Rigaltius,
1105 1937 1191 2021 quod
1213 1938 1333 2022 legitur

154 2046 187 2108 in
209 2043 401 2108 loecvsimili
418 2043 465 2108 ‘ad
487 2043 562 2128 Nat.
585 2044 614 2108 I.
641 2046 682 2109 10
707 2040 797 2125 (308)
821 2041 952 2129 Singula
974 2047 1036 2108 ista
1059 2067 1204 2130 quaeque
1223 2043 1333 2110 adhuc

153 2151 347 2233 investigare
382 2152 453 2233 quis
487 2151 599 2234 possit,
635 2153 662 2214 si
697 2152 850 2214 honorem
884 2152 1064 2234 inquietant
1085 2135 1278 2230 divinitatis,
1305 2155 1333 2216 si

153 2257 328 2320 maiestatis
362 2255 527 2340 fastigium
549 2258 721 2321 0111011011
686 2255 811 2339 tP.)Of
837 2257 878 2321 ad
900 2257 976 2322 Nat.
1000 2255 1029 2321 Ι.
1055 2257 1097 2322 10
1110 2253 1200 2338 (366)
1225 2256 1333 2344 Saepe

154 2383 303 2426 censores
339 2361 519 2427 inconsulto
554 2362 672 2448 populo
708 2365 952 2438 adsolamrar'et,
983 2385 1053 2448 sqq.
1075 2364 1219 2482 Rbnaeb.
1242 2361 1272 2428 I.
1300 2388 1332 2428 11.

154 2465 200 2540 V.
225 2491 257 2554 p.
282 2469 400 2531 202.

199 2571 499 2639 Aestimare=
521 2577 590 2640 eata
592 2577 709 2640 ttmare
747 2577 786 2641 16
813 2574 898 2658 (87)ε
928 2579 1066 2662 onagris,
1104 2579 1157 2661 qui
1182 2577 1265 2641 forte
1292 2577 1336 2642 de

154 2687 249 2766 pastu
270 2688 387 2766 potum
404 2683 534 2766 petituri
557 2683 827 2761 destinabantur,
852 2683 1012 2748 indicibus
1036 2683 1135 2747 fontis
1158 2706 1233 2748 usos
1256 2705 1334 2768 sqq.

111 2869 119 2880 .
157 2787 196 2850 17
222 2781 300 2867 (98)
326 2785 477 2851 Ceterum
500 2788 586 2874 quod
611 2788 713 2853 videri
737 2793 956 2868 communiter,
981 2790 1067 2875 quod
1091 2789 1335 2876 comprehendi,
1393 2861 1394 2878 ἶ

155 2891 241 2978 quod
275 2894 511 2958 aestimari:
535 2895 795 2960 aarssmadoertere
829 2904 945 2983 potest,
969 2899 1074 2960 minus
1101 2904 1151 2960 est
1174 2903 1207 2960 et
1228 2896 1336 2960 oculis

155 2999 272 3085 quibus
285 3007 461 3085 occupatur
474 3023 544 3085 sqq.
558 3002 599 3064 21
615 2998 705 3083 (125)
722 3002 829 3080 Quem
843 3005 940 3088 igitur
955 3001 1153 3067 solummodo
1170 3002 1338 3067 hominem
1386 3063 1390 3068 .

156 3114 436 3192 praesumpserant
467 3105 508 3171 de
531 3107 717 3186 humilitate,
743 3109 935 3194 sequebatur
957 3111 1003 3173 uti
1027 3131 1154 3194 magum
1177 3109 1341 3173 aestima·

158 3219 231 3277 reat
255 3213 295 3276 de
318 3220 476 3298 potestate
500 3221 575 3278 cett.
601 3215 642 3277 31
668 3213 757 3296 (177)
770 3213 852 3279 Cum
865 3218 948 3280 enim
961 3217 1142 3280 concutitur
1152 3217 1339 3300 imperium,

158 3321 324 3385 concussis
337 3321 434 3384 etiam
446 3321 561 3384 ceteris
573 3320 723 3385 membris
737 3323 814 3399 eius,
827 3323 937 3406 utique
950 3328 982 3384 et
993 3343 1062 3398 nos,
1075 3321 1151 3385 licet
1162 3324 1312 3385 extranei
1321 3344 1341 3384 a

158 3424 260 3489 turbis
283 3426 503 3508 aestimemur,
528 3429 561 3490 in
584 3427 690 3512 aliquo
706 3428 777 3492 loco
790 3442 883 3492 casus
896 3430 1084 3492 invenimur.
1102 3426 1155 3491 01.
1173 3438 1271 3512 porro'
1283 3427 1340 3491 ad.

157 3530 233 3596 Nat.
268 3531 296 3596 I.
333 3532 352 3595 7
388 3529 478 3614 (291)
514 3531 549 3596 Si
583 3533 662 3597 nihil
695 3534 758 3598 tale
792 3535 953 3620 probetur,
976 3533 1097 3617 grande
1119 3536 1228 3598 nescio
1254 3532 1341 3618 quid

156 3638 327 3702 aestimari
373 3646 508 3724 oportet,
548 3641 641 3709 ouius,
680 3643 897 3726 compensatio
936 3648 1095 3704 tantarum
1130 3642 1341 3704 atrocitatum

158 3742 325 3807 tolerantia
362 3751 498 3809 constat.
536 3743 564 3808 I.
592 3745 630 3808 11
657 3743 749 3828 (309)
774 3772 816 3800 =
839 3748 904 3832 Ap.
931 3748 971 3812 16
996 3743 1074 3827 (87).
1108 3746 1208 3833 Apud
1230 3745 1341 3809 Afros

139 3849 331 3946 ‘scriptores
355 3849 417 3912 hoc
441 3848 575 3913 verbmn
598 3874 669 3916 raro
694 3875 732 3917 ea
754 3855 984 3938 significatione
1011 3852 1190 3939 praeditum
1216 3853 1249 3916 in
1274 3874 1342 3915 usu

161 3957 227 4025 est;
267 3940 309 4015 01.
349 3953 495 4018 Hildebr.
531 3954 572 4018 ad
606 3957 729 4021 Arnob.
764 3957 811 4022 II.
848 3959 907 4034 563
942 3960 1088 4024 Rbaseb:
1124 3958 1342 4042 Semasiolcg.

157 4054 231 4117 Bcit
218 4060 306 4138 trage
334 4077 404 4119 zum
429 4058 499 4122 Lat.
525 4059 686 4125 Wbrterb.
712 4063 777 4127 ΠΙ.
804 4067 833 4128 6.
