2808 4492
235 998 302 1065 Du
327 999 780 1072 Paoramrffleos
807 1005 1119 1087 QUIBUSDAM
1144 1005 1266 1073 S'I'ILI

582 1112 946 1180 rumpentium.

665 1297 708 1352 Of.
726 1298 759 1352 de
769 1298 847 1368 Virg.
857 1298 919 1353 Vel.
929 1298 961 1353 4:
975 1299 1146 1353 Naturaliter
1155 1297 1321 1368 compendium

631 1386 762 1440 sermonis
775 1393 803 1440 et
811 1393 920 1457 gratum
929 1392 956 1440 et
966 1387 1148 1441 necessarium
1157 1391 1204 1451 cst,
1214 1386 1322 1456 quoniam

631 1491 720 1528 sermo
738 1473 883 1530 laciniosus
902 1481 929 1529 et
947 1492 1076 1530 onerosus
1095 1482 1122 1529 et
1140 1492 1223 1529 vanus
1240 1481 1280 1528 est.

213 1625 401 1690 Tertulliani
423 1626 552 1692 dicendi
573 1651 674 1712 genus
698 1629 831 1693 multum
847 1630 1018 1695 obscurum
1030 1637 1125 1715 atque
1138 1632 1321 1715 caliginosum

171 1753 242 1796 esse
276 1732 531 1818 breviloquentia
564 1744 638 1800 ante
673 1739 844 1821 incognita,
875 1739 921 1801 ita
942 1746 978 1801 ut
1001 1761 1020 1802 a
1042 1760 1122 1824 pura
1145 1735 1323 1803 Ciceroniani

172 1840 325 1902 sermonis
370 1841 551 1924 integritate
586 1845 724 1908 maxime
739 1844 966 1908 abalienatum
1001 1847 1052 1923 sit,
1088 1847 1144 1910 vix
1178 1846 1325 1930 quisquam

169 1945 364 2025 infitiabitur,
400 1933 452 2012 vel
486 1948 691 2014 mediocriter
724 1952 758 2014 in
792 1953 859 2015 eius
894 1950 983 2014 libris
1018 1950 1162 2037 legendis
1189 1955 1324 2015 versatus.
1369 1937 1370 2014 Ῠ

170 2049 404 2136 Saepenumero
440 2055 560 2140 ellipsis
595 2058 756 2120 invenitur
788 2057 998 2142 complurium
1022 2059 1173 2122 orationis
1197 2056 1324 2142 partium,

170 2181 251 2241 quae
286 2159 370 2246 apud
395 2160 496 2226 bonae
520 2165 633 2227 aetatis
658 2165 829 2249 scriptores
852 2186 1024 2249 numquam
1049 2164 1102 2230 vel
1123 2186 1195 2228 raro
1217 2159 1325 2226 deside·

169 2274 287 2330 rantur.
312 2265 415 2352 Supra
439 2270 501 2332 iam
524 2268 564 2333 de
589 2272 697 2355 specie
720 2269 993 2354 breviloquentiae
1016 2271 1113 2336 locuti
1138 2291 1244 2334 sumus
1259 2288 1324 2352 quae

168 2379 314 2436 versatur
347 2375 380 2437 in
414 2397 474 2439 usu
508 2378 779 2461 praepositionum
814 2384 915 2455 „anta
940 2385 1023 2462 post,
1047 2375 1097 2455 ad,
1122 2375 1185 2455 in,”
1212 2384 1243 2441 et
1262 2372 1324 2437 sub·

168 2481 378 2544 stantivorum
401 2483 434 2545 in
462 2481 547 2558 „tor”
576 2491 608 2547 et
635 2482 734 2562 „trixff
760 2483 982 2548 desinentium.
1007 2483 1105 2548 Amat
1127 2482 1323 2548 Tertullianus

167 2585 214 2647 nti
237 2586 354 2664 verbis,
379 2610 459 2671 quae
484 2611 523 2653 ex
547 2593 753 2674 consequenti
777 2598 833 2654 aut
855 2589 1014 2655 accidenti
1036 2612 1103 2655 rem
1124 2592 1227 2676 ipsam
1241 2587 1323 2672 signi·

167 2691 263 2754 licent
297 2689 352 2773 (ci.
382 2685 521 2759 llerald.
547 2695 641 2760 Oehl.
677 2721 708 2782 p.
744 2698 806 2760 141
832 2696 881 2760 ed.
906 2693 1006 2777 mim).
1030 2695 1233 2780 Quamquam
1254 2689 1324 2788 apud

169 2797 248 2860 alios
272 2820 398 2883 quoque
422 2803 593 2886 scriptores
619 2824 656 2866 ea
681 2805 868 2888 proprietas,
893 2825 974 2888 quae
989 2804 1183 2886 metonymia
1198 2808 1323 2872 vocatur,

168 2903 202 2965 in
225 2925 284 2996 usu
309 2913 367 2983 est,
392 2906 478 2991 apud
500 2906 731 2971 Tertullianum
753 2916 860 2972 tamen
883 2931 946 2973 vox
967 2911 1096 2998 propria
1107 2916 1140 2972 et
1151 2906 1324 2973 vocabulum

169 3008 255 3092 quod
290 3017 339 3074 est
373 3010 550 3075 adhibitum
581 3013 681 3077 multo
715 3013 809 3077 latius
843 3016 928 3078 inter
958 3035 993 3079 se
1027 3013 1157 3078 distant.
1193 3014 1325 3096 Denique

167 3118 279 3182 lectori
302 3117 445 3204 diligenti
469 3120 568 3184 multa
590 3122 624 3183 in
639 3129 788 3206 promptu
801 3130 884 3200 sunt,
898 3143 979 3205 quae
991 3122 1099 3185 stilum
1110 3120 1326 3185 Tertullianum

166 3224 337 3289 obscurum
372 3225 597 3311 difficilemque
632 3228 795 3293 intellectu
829 3227 973 3293 reddant.
1009 3228 1158 3292 Breviter
1188 3249 1281 3290 unum
1301 3231 1327 3286 et

167 3332 300 3396 alterum
335 3335 426 3417 quasi
461 3355 582 3397 summo
618 3332 718 3418 digito
749 3338 903 3420 attingere
926 3343 959 3400 et
982 3334 1135 3420 exemplis
1157 3331 1325 3406 afferendis,

170 3438 284 3521 quibus
320 3440 414 3524 longo
438 3442 664 3504 commentario
688 3441 782 3506 facile
807 3442 1007 3527 supersederi
1030 3448 1146 3527 potest,
1171 3437 1325 3505 ostendere

168 3544 291 3630 quales.
312 3546 473 3611 libertates
508 3546 721 3612 Tertullianus
757 3548 818 3612 sibi
841 3549 1028 3634 permiserit,
1053 3547 1137 3612 haud
1162 3548 1327 3613 alienuma

166 3659 275 3715 nostro
299 3656 462 3737 proposito
485 3643 745 3718 existimavimus

192 3754 280 3849 'DE
304 3754 726 3824 ΒΗΑΟΗἩιΟΘΙΑ.ι
753 3761 910 3846 Exempla
933 3783 1014 3846 quae
1037 3769 1214 3846 sequuntur
1228 3779 1328 3843 magna

169 3885 208 3924 ex
232 3871 321 3948 parte
344 3886 401 3949 per
424 3865 549 3948 ellipsin
573 3876 647 3928 sunt
671 3867 868 3951 explicanda.
925 3957 928 3961 .

202 3997 210 4024 ¹
238 4000 273 4052 cf.
302 4001 414 4054 Kilhreer
442 4001 472 4054 II
502 4001 518 4066 ἓ
547 4002 598 4055 241
628 4020 672 4071 pg.
703 4004 770 4058 1042
789 4022 846 4074 sqq.
876 4005 992 4060 Wteaea
1014 4007 1097 4072 „iiber
1115 4005 1160 4061 die
1179 4007 1328 4077 Erganzmg
