2788 4500
741 214 783 275 50

691 421 836 490 CUM.

223 621 306 684 Cum
331 621 526 706 praepositio
550 641 569 682 a
592 621 751 683 communi
774 619 1005 684 consuetudine
1021 643 1085 684 non
1100 620 1264 706 discrepat,
1278 623 1330 683 nisi

174 726 261 811 quod
277 726 444 791 interdum
468 725 608 790 ablativo
632 728 687 810 qui
711 725 827 790 dicitur
849 729 1050 790 instrumenti
1073 726 1217 804 adicitur,
1240 728 1331 790 velut:

178 835 216 896 11
242 831 310 914 (64)
335 833 432 897 semel
454 835 564 917 utique
580 834 612 896 in
628 834 690 897 ista
705 835 940 898 constructione
957 833 1145 919 dispositum
1162 842 1194 898 et
1203 835 1333 898 'instruc-

174 948 242 1002 tum
276 947 308 1003 et
342 938 523 1003 ordinatum
557 961 632 1003 cuna
662 941 755 1003 omrai
776 940 917 1003 rationis
940 941 1158 1024 gubernaculo
1181 943 1335 1004 inventum

174 1054 233 1109 est.
262 1028 300 1110 15
326 1044 393 1127 (84)
418 1046 558 1109 Risimus
583 1054 615 1110 et
630 1049 712 1110 inter
727 1046 865 1111 ludicras
881 1046 1126 1111 meridianorum
1142 1047 1335 1111 crudelitates

174 1152 370 1217 Mercurium
404 1160 547 1217 mortuos
582 1155 722 1236 cauterio
755 1154 997 1232 examinantem,
1031 1152 1169 1218 vidimus
1200 1161 1230 1217 et
1251 1153 1336 1216 Iovis

174 1259 305 1324 fratrem
346 1259 556 1344 gladiatorum
591 1258 748 1323 cadavera
782 1281 857 1324 ram
887 1262 1001 1324 0101100
1021 1247 1250 1324 deducentem.
1286 1257 1337 1339 (01.

175 1365 255 1430 Hor.
281 1365 386 1430 Carm.
410 1365 438 1430 I.
466 1368 516 1432 10.
545 1367 599 1430 18:
624 1367 776 1454 virgaque
800 1367 904 1430 levem
928 1390 1056 1432 coerces
1072 1367 1181 1430 Aurea
1197 1365 1337 1445 turbam).

218 1473 389 1537 Praeterea
412 1472 723 1537 commemorandum
746 1473 874 1538 videtur
899 1475 918 1536 2
932 1471 1000 1556 (11)
1013 1474 1064 1537 De
1076 1473 1168 1537 nobis
1181 1473 1256 1537 nihil
1269 1474 1338 1545 tale,
1367 1549 1368 1572 χ

175 1602 248 1643 cum
271 1603 371 1663 aeque
396 1585 576 1664 extorqueri
601 1589 770 1667 oporteret,
797 1581 882 1667 quod
908 1603 983 1645 cum
998 1581 1081 1664 falso
1094 1582 1237 1643 iactatur.
1251 1576 1338 1659 (hanc
1367 1591 1368 1608 ¹

175 1687 343 1750 lectionem
367 1687 522 1772 praebent
544 1689 617 1755 Put.
644 1688 742 1754 Goth.
767 1689 873 1776 Ampl.
901 1687 1005 1772 Lugd.
1030 1686 1075 1764 H,
1101 1685 1219 1770 Agob.)
1243 1685 1285 1748 cf.
1307 1687 1340 1746 do

174 1792 256 1856 falso
281 1790 358 1880 (Ap.
384 1791 438 1874 23)
464 1804 509 1859 et:
534 1818 572 1859 000
597 1796 679 1860 falso
703 1799 851 1883 (praescr.
879 1793 942 1876 17).

709 2271 811 2337 EX.

219 2469 273 2532 Ea
309 2471 544 2554 praepositione
578 2469 792 2533 Tertullianus
827 2471 926 2531 utitur
959 2467 999 2532 ad
1031 2466 1165 2531 eandem
1188 2466 1258 2540 fere
1285 2468 1345 2527 vini

176 2574 379 2639 indicandam
404 2597 499 2658 quam
522 2575 621 2640 habet
643 2575 814 2639 Ablativus
836 2575 1052 2638 instrumenti:
1079 2573 1118 2636 17
1136 2569 1217 2653 (99).
1234 2571 1346 2638 Vultis

174 2703 212 2746 aa
247 2681 395 2768 operibus
431 2684 531 2767 ipsius
566 2690 614 2747 tot
646 2704 683 2746 ae
706 2681 832 2760 talibus,
857 2682 972 2765 quibus
996 2682 1204 2757 continemur,
1230 2679 1346 2762 quibus

174 2789 375 2866 sustinemur,
401 2788 515 2872 quibus
540 2788 743 2866 oblectamur,
769 2789 864 2852 etiarn
887 2787 1001 2872 quibus
1026 2794 1230 2863 exterremur,
1248 2786 1347 2848 vultis

174 2917 212 2959 ex
247 2896 370 2958 animae
406 2896 505 2981 ipsius
540 2897 721 2960 testimonio
750 2893 1017 2980 comprobemus?
1042 2894 1082 2956 21
1108 2886 1204 2976 (131)
1229 2891 1290 2955 En
1314 2914 1348 2953 eo

174 3003 258 3064 enim
282 2999 367 3084 quod
391 3000 476 3064 aliud
506 3025 525 3065 a
549 3025 582 3066 se
606 3002 668 3065 coli
691 3001 770 3065 dicit
793 3023 888 3084 quam
911 3000 997 3074 colit,
1032 3007 1127 3084 negat
1150 2997 1237 3083 quod
1262 2999 1347 3062 colit.

174 3108 214 3171 31
242 3102 337 3189 (176)
368 3105 491 3172 Scitote
516 3109 645 3172 0001ῗί110
668 3117 873 3194 praeceptum
897 3130 966 3172 esse
989 3107 1081 3170 nobis
1105 3104 1146 3169 ad
1162 3104 1348 3169 redundan-

172 3216 250 3278 tiam
284 3214 491 3299 benignitatis
523 3217 617 3278 etiam
652 3237 710 3301 pro
744 3216 881 3277 inimicis
916 3212 1011 3276 deum
1045 3234 1133 3275 orare
1169 3219 1201 3276 et
1236 3233 1349 3296 perse·

173 3301 337 3385 cutoribus
373 3323 490 3384 nostris
525 3321 609 3386 bona
643 3323 775 3406 precari.
812 3322 854 3384 46
879 3321 966 3394 (232)
1000 3317 1209 3382 Ostendimus
1243 3325 1348 3399 totimi

173 3436 291 3500 statum
325 3436 467 3491 nostnun
496 3451 534 3492 er
557 3431 621 3511 fide
644 3429 767 3492 scilicet
790 3437 822 3491 et
844 3428 1031 3510 antiquitate
1055 3424 1236 3488 divinarum
1264 3425 1346 3487 litte·

173 3557 288 3611 rarum,
314 3537 391 3598 item
415 3557 453 3599 ex
477 3535 679 3600 confessione
703 3533 913 3619 spiritualium
936 3535 1170 3618 potestatum.¹
1219 3573 1222 3579 ·

217 3640 325 3724 Digna
360 3663 454 3726 porro
491 3664 572 3725 quae
606 3648 891 3704 commemorentur
925 3639 1074 3703 videntur
1108 3641 1149 3702 28
1174 3640 1271 3714 (169)
1304 3660 1349 3701 00

173 3749 345 3812 conveniat
378 3746 477 3812 Ianus
512 3750 610 3812 iratus
639 3769 677 3810 aa
700 3767 766 3830 pau
789 3747 865 3810 colit
887 3746 995 3829 fronte
1018 3749 1071 3820 (ε
1094 3768 1115 3809 0
1137 3768 1201 3830 qua
1225 3769 1262 3810 v.
1293 3745 1350 3808 frl.

214 3949 222 3976 ¹
247 3951 283 4005 cf.
316 3950 352 4004 ad
380 3950 446 4004 Nat.
474 3950 498 4003 Ι.
528 3950 572 4004 10:
596 3965 709 4019 corpora
735 3949 892 4002 exanimata
915 3947 969 4001 iam
987 3954 1136 4001 mortemve
1153 3947 1353 4002 simulantinr

49 4104 55 4111 .
172 4040 292 4093 (0010νὶ0
310 4038 416 4109 probat.
435 4038 470 4091 cf.
489 4038 570 4106 Apol.
591 4039 622 4091 15
642 4037 699 4105 (84)
718 4037 846 4091 Cauterio
863 4038 1072 4090 examinantem.
1092 4067 1126 4075 —
