2808 4492
686 229 747 290 112

133 443 227 513 quarn
262 424 330 507 ipse
364 421 507 487 medicus
542 424 743 508 inportunam
777 423 913 486 interim
942 420 1104 510 noverat.”
1143 423 1312 488 laterem:
1397 416 1398 504 1

131 521 309 611 antequam
327 529 540 612 perfeetionis
552 530 700 593 altiorem
723 529 874 613 attigerat
894 529 1036 612 qratiam
1397 515 1398 524 ¹

176 631 301 701 Plane
333 660 375 688 =
407 636 534 718 opinor,
577 637 708 714 seilicet,
747 635 894 699 e'rorre‘am
926 635 1095 716 desiqom
1134 641 1315 700 nostram.-

131 742 316 824 iauteeurlq'le
336 744 362 805 ¹.
397 740 445 806 Ut
469 745 686 826 unusquisque
710 741 820 805 videat
835 739 994 826 quomodo
1009 739 1223 805 Tertullianus
1238 741 1312 808 hoc

132 847 323 913 vocabulum
347 850 557 933 usurpaverit,
582 869 691 912 omnes
715 849 814 926 locos,
832 847 947 932 quibus
964 849 1310 932 scriptuminvenitru,

131 954 310 1018 citabimus.
344 951 409 1035 lte)
434 953 634 1019 Christianus
658 977 735 1019 vero
759 953 837 1039 quid
860 954 986 1018 simile?
1008 955 1166 1018 neminem
1190 953 1310 1040 pudet,

131 1062 290 1136 neminem
323 1063 473 1146 paenitet,
508 1063 569 1125 nisi
600 1063 702 1145 plane
735 1069 820 1125 retro
854 1083 918 1124 non
953 1059 1072 1138 fuisse3
1099 1057 1309 1142 12(70)‚Sed

126 1169 226 1250 pharae
260 1189 324 1231 non
360 1169 501 1232 sentiunt
533 1168 590 1232 has
626 1170 756 1232 iniurias
792 1175 823 1231 et
848 1167 1056 1231 contumelias
1080 1166 1310 1232 fabricationis

130 1295 206 1338 suae
229 1273 282 1338 dei
305 1276 414 1352 vestri,
438 1282 512 1338 cett.
540 1270 650 1355 14(80)
675 1275 780 1338 Plane
802 1274 888 1351 olim,
911 1272 947 1336 id
969 1280 1018 1336 est
1034 1295 1167 1358 semper,
1181 1276 1309 1338 veritas
1398 1334 1399 1396 l

129 1380 204 1444 odio
239 1389 297 1445 est.
336 1378 447 1463 15(83)
471 1365 577 1444 Platae
599 1381 811 1464 religiosiores
836 1381 912 1443 estis
936 1381 970 1441 in
993 1401 1101 1458 cavea,
1126 1380 1181 1444 ubi
1204 1401 1308 1466 super
1398 1399 1399 1468 )

130 1489 316 1570 sanguinem
350 1487 531 1565 humanum,
568 1509 664 1572 super
695 1488 934 1573 inquinamenta
969 1507 1143 1570 poenarum
1165 1485 1305 1570 proinde
1398 1477 1399 1522 ¹

129 1594 246 1658 saltant
280 1592 332 1657 dei
357 1595 465 1658 vestri
499 1601 684 1676 argumenta
718 1602 751 1657 et
784 1592 931 1656 historias
971 1594 1074 1656 noxiis
1112 1588 1306 1675 [crepundia
1398 1577 1399 1606 ¹

129 1697 172 1780 (v.
209 1699 240 1764 d.
275 1699 381 1766 Vliet:
413 1698 503 1763 stud.
539 1699 629 1764 Eccl.
664 1723 695 1785 p.
733 1694 804 1780 36)]
839 1701 1065 1776 ministrantes,
1090 1721 1160 1784 sqq.
1187 1694 1304 1779 16(93)

18 1887 22 1896 ι
128 1804 241 1869 Laudo
265 1805 477 1890 diligentiam:
501 1805 648 1870 noluistis
664 1807 802 1870 incultas
816 1813 848 1870 et
859 1805 961 1869 nudas
975 1827 1087 1869 cruces
1099 1825 1302 1892 consecrare.

129 1912 196 1975 Alii
237 1915 336 1996 pharae
375 1913 543 1980 humanius
586 1921 619 1976 et
652 1913 858 1977 verisimilius
894 1909 1000 1975 Solem
1034 1910 1168 1975 credunt
1201 1909 1304 1974 deum

128 2027 280 2083 nostrum.
316 2016 451 2100 22034)
476 2019 622 2096 Quidni?
646 2018 728 2084 Cum
751 2026 783 2084 et
806 2021 869 2104 ipsi
891 2017 1094 2082 daemonium
1117 2040 1136 2080 a
1162 2018 1304 2102 pueritia

128 2125 311 2190 adhaesisse
345 2125 480 2204 dicatur,
516 2125 765 2189 dehortatorium
795 2127 896 2208 pharae
923 2123 1059 2188 abono.
1083 2120 1218 2204 22039)
1243 2122 1304 2189 Sic

51 2218 56 2228 ¹
131 2239 163 2294 et
198 2241 344 2296 auctores
377 2230 535 2296 interdum
570 2230 673 2295 videri
705 2232 816 2296 volunt
851 2252 1063 2314 eorumquae
1088 2229 1302 2312 adnuntiant;

128 2346 160 2400 et
183 2345 257 2401 sunt
279 2340 380 2421 phuae
402 2338 555 2402 malorum
568 2359 814 2423 nonnumquam,
828 2338 983 2402 bonorum
994 2345 1101 2400 tamen
1114 2359 1302 2420 numquam.

128 2439 263 2523 22040)
296 2442 438 2507 Benefici
468 2445 569 2526 plane
604 2451 635 2506 et
670 2445 756 2507 circa
791 2465 884 2507 ouras
908 2441 1136 2508 valetudinum.
1162 2438 1303 2522 25061)
1399 2423 1400 2510 1

128 2547 249 2613 Misera
280 2549 334 2613 illa
368 2551 507 2614 coniunx
541 2548 632 2614 Iovis
656 2559 689 2613 et
712 2572 802 2614 soror
823 2549 977 2614 adversus
1002 2549 1070 2614 fata
1087 2571 1151 2613 non
1172 2549 1300 2613 valuit!
1399 2539 1400 2588 3

125 2657 223 2738 plane
256 2655 354 2732 ,Fato
387 2664 450 2720 stat
473 2655 619 2742 luppiter
641 2655 740 2741 ipse.”
764 2653 899 2738 31076)
924 2655 1057 2720 Adulati
1077 2677 1163 2719 nuno
1187 2677 1301 2722 sumus

127 2765 310 2846 imperatori
334 2770 366 2826 et
385 2764 509 2826 mentiti
521 2774 609 2836 ,vota
633 2784 715 2846 quac
740 2761 888 2840 diximus,
905 2761 947 2826 ad
961 2762 1162 2828 evadendam
1173 2761 1300 2826 scilicet

125 2871 201 2932 vim.
236 2869 341 2933 Pluere
375 2870 500 2954 proficit
533 2870 587 2933 illa
618 2869 755 2933 fallacia.
782 2865 858 2949 (Pro
887 2870 1001 2952 ,plane
1020 2866 1173 2952 proficit”
1201 2865 1297 2931 Fuld.

127 2975 259 3059 praebet
286 2982 413 3053 ,tornea
433 2973 612 3060 pretiatis)
642 2973 779 3056 34086)
802 2976 967 3060 Augustus
991 2977 1115 3061 imperii
1132 2973 1299 3052 formator,

127 3103 166 3146 ne
199 3082 362 3146 dominum
394 3082 522 3167 quidem
557 3081 622 3146 dici
651 3105 685 3146 se
721 3081 868 3157 volebat3
905 3089 937 3146 et
970 3081 1032 3146 hoc
1064 3083 1147 3145 enim
1171 3081 1223 3146 dei
1248 3091 1300 3144 est

127 3210 312 3273 cognomen.
336 3189 470 3280 'Dicam
508 3191 606 3272 platee
650 3191 873 3274 imperatorem
907 3187 1080 3267 dominum,
1116 3188 1173 3252 sed
1208 3209 1299 3252 more

129 3299 298 3382 communi,
323 3295 379 3360 sed
402 3295 528 3380 quando
551 3317 615 3359 non
638 3317 746 3380 cogor,
771 3303 806 3357 ut
829 3294 991 3359 dominum
1016 3293 1068 3359 dei
1092 3297 1163 3359 vice
1179 3294 1298 3360 dicam.

129 3399 263 3486 35(186)
298 3404 404 3466 Phrate
430 3405 529 3467 ceteri
551 3401 679 3466 ordines
704 3424 761 3487 pro
785 3404 973 3469 auctoritate
996 3402 1136 3486 religiosi
1159 3409 1233 3464 sunt
1256 3423 1299 3466 ex

126 3508 205 3584 fide;
230 3511 271 3573 37
276 3505 366 3590 (196)
393 3511 610 3573 verumetiam
621 3511 838 3572 necessarium
849 3508 958 3573 hostes
971 3508 1112 3573 iudicare
1128 3508 1299 3588 maluistiS,

126 3618 201 3699 quia
235 3637 343 3680 sumus
373 3618 484 3700 pharae,
518 3638 582 3680 non
614 3617 741 3700 generis
776 3615 906 3679 humaui
942 3623 1059 3695 tamen,
1096 3615 1152 3680 sed
1187 3617 1300 3702 potius

126 3724 250 3785 erroris.
275 3719 410 3803 42(223)
431 3722 540 3786 Thura
560 3723 659 3805 platee
682 3745 746 3786 non
771 3724 913 3786 emimus.
939 3719 1056 3803 (Plane
1079 3723 1171 3786 abest
1193 3725 1228 3785 in
1243 3722 1298 3789 ed.

125 3824 283 3906 Herald.).
299 3883 303 3889 .
321 3825 456 3908 42(221)
492 3828 612 3891 nullum
646 3827 788 3892 fructum
819 3849 950 3912 operum
981 3829 1048 3891 eius
1072 3827 1298 3913 repudiamus;

166 4051 174 4076 ¹
205 4051 295 4124 Hand.
313 4051 426 4105 Tursell.
446 4051 485 4105 Il.
504 4068 531 4119 p.
551 4052 601 4104 271
621 4069 660 4122 sq.
723 4069 724 4072 ¹
