2808 4492
23 254 54 321 3
635 197 700 260 117

14 473 15 478 ¹
76 395 207 476 peravit,
233 395 355 478 opinor,
380 401 412 456 et
435 395 557 458 caelum
582 393 679 457 semel
702 393 806 467 clusit,
832 401 865 456 et
887 413 973 456 nunc
995 393 1110 474 actique
1137 395 1255 471 melio-'

14 493 15 518 ³
75 498 157 562 ribus
181 499 269 584 apud
292 499 412 563 inferos
436 498 661 562 musitantibus
686 492 855 562 erubescit.
884 499 923 561 13
952 495 1020 579 (72)
1050 498 1167 579 Prim0,
1194 504 1248 584 qui

74 627 141 668 cum
164 607 222 670 alii
238 607 316 670 alios
340 606 454 683 colitis,
478 607 593 688 atique
618 627 700 690 quos
721 627 786 670 non
802 605 916 683 colitis
933 603 1105 669 offenditis,
1128 607 1168 669 15
1182 607 1247 681 (85)

74 711 120 775 De
143 720 333 797 contemptu
354 713 469 794 atique
491 719 663 776 censentur
683 720 749 776 tam
772 734 881 776 eorum
904 713 958 796 qui
982 710 1137 775 eiusmodi
1152 710 1247 776 lacti-

72 827 136 881 tant
170 841 270 902 quam
304 841 413 882 eorum
447 818 562 903 quibus
597 818 754 882 factitant.
792 820 831 882 16
868 815 936 899 (88)
959 817 1003 881 Et
1025 819 1140 901 utiquc
1163 821 1191 882 si
1213 819 1245 882 id

73 925 238 989 colebatur
271 924 357 1009 quod
391 927 424 988 in
461 927 600 990 sacrario
635 947 693 989 suo
729 925 940 1003 exhiberetur,
965 947 1123 1010 nusquam
1145 928 1246 1010 magis

73 1053 163 1114 quam
201 1034 236 1095 in
270 1033 408 1096 sacrario
438 1053 496 1095 suo
518 1031 721 1113 exhiberetur
744 1054 814 1116 sqq.
840 1033 881 1094 21
908 1027 998 1112 (116)
1023 1030 1109 1115 quod
1132 1033 1246 1114 atique

71 1146 233 1220 oporteret
275 1141 302 1201 si
336 1137 439 1202 eidem
474 1137 536 1202 dec
570 1131 832 1224 manciparemur.
867 1139 908 1201 21
946 1134 1036 1218 (128)
1050 1137 1245 1221 Deliquium

72 1244 182 1326 atique
217 1253 410 1329 putaverunt
444 1247 498 1329 qui
533 1244 567 1308 id
599 1266 725 1329 quoque
757 1267 853 1330 super
876 1243 1004 1308 Christo
1028 1243 1245 1329 praedicatum

71 1372 130 1412 non
166 1352 329 1427 scierunt;
365 1352 407 1414 23
426 1343 532 1431 (142)
562 1351 617 1414 ubi
641 1359 690 1414 est
713 1373 788 1435 ergo
812 1351 1036 1435 praecellentia
1060 1350 1247 1414 divinitatis,

70 1478 163 1538 quam
186 1457 305 1540 utiquc
321 1459 518 1543 superiorem
533 1459 622 1534 omni¹
632 1465 790 1543 potestate
803 1456 999 1522 credendum
1012 1459 1085 1520 est?
1098 1457 1139 1520 29
1155 1454 1245 1536 (171)
1355 1508 1358 1514 .

72 1585 141 1626 nam
164 1564 281 1647 ulique
304 1586 378 1628 suas
404 1567 507 1649 primo
531 1573 652 1629 statuas
677 1571 710 1628 et
732 1566 886 1648 imagines
911 1571 943 1628 et
958 1561 1054 1627 aedes
1070 1571 1245 1642 tuerentur,

69 1691 167 1767 quae,¹
196 1678 233 1732 ut
267 1673 388 1756 opinor,
425 1670 600 1736 Caesarum
633 1671 750 1735 milites
786 1670 930 1734 excubiis
958 1671 1048 1735 salva
1070 1678 1243 1756 praestant.

14 1793 16 1838 ἵ
70 1777 110 1838 30
134 1777 226 1852 (173)
249 1777 397 1854 Quidni?
420 1801 494 1842 cmn
517 1799 613 1863 super
633 1798 743 1841 omnes
759 1777 914 1855 homines,
932 1779 986 1862 qui
1000 1777 1115 1860 atique
1131 1779 1245 1841 vivunt

70 1890 99 1944 et
121 1885 258 1947 mortuis
293 1885 455 1948 antistant.
481 1883 522 1947 31
548 1879 637 1963 (177)
651 1882 733 1947 Cum
757 1885 841 1947 enim
864 1884 1045 1972 concutitur
1066 1885 1243 1968 imperium,

69 1991 236 2054 concussis
267 1991 363 2054 etiam
386 1992 501 2054 ceteris
525 1989 675 2053 membris
700 1991 778 2067 eiuS,
802 1989 916 2071 utiquc
940 1995 972 2052 et
995 2010 1054 2052 nos
1078 1991 1111 2052 in
1135 1990 1241 2074 aliquo

69 2094 137 2160 loco
175 2118 270 2160 casus
302 2097 490 2159 invenimur.
527 2095 569 2157 33
603 2091 693 2175 (179)
725 2091 912 2178 Suggeritur
934 2095 1019 2158 euim
1042 2095 1072 2158 ei
1095 2116 1113 2157 a
1133 2085 1243 2178 tergo:

69 2200 210 2288 Respice
233 2203 376 2287 postte!
400 2201 576 2266 Hominem
599 2210 630 2265 te
654 2203 828 2265 memento!
853 2200 898 2263 Et
916 2201 1030 2282 atique
1052 2199 1114 2265 hoc
1141 2203 1242 2286 magis

69 2307 189 2390 gaudet
224 2316 312 2372 tanta
336 2330 370 2372 se
393 2307 494 2392 gloria
517 2328 695 2384 coruscare,
719 2314 756 2369 ut
777 2305 823 2368 illi
846 2305 1020 2369 admonitio
1044 2305 1242 2371 condicionis

68 2436 142 2479 suae
180 2416 223 2478 sit
256 2416 445 2478 necessaria.
481 2415 522 2477 37
560 2410 650 2494 (194)
674 2410 709 2475 Si
733 2414 817 2476 enim
840 2419 928 2476 tanta
951 2413 1001 2475 vis
1023 2413 1187 2477 hominum
1210 2416 1243 2477 in

67 2521 206 2605 aliquem
241 2520 326 2584 orbis
358 2522 471 2584 remoti
499 2521 604 2583 sinum
626 2518 863 2603 abrupissemus
887 2541 905 2582 a
929 2519 1032 2597 vobis,
1057 2518 1243 2584 suffudisset
1268 2588 1271 2592 ,

69 2628 183 2711 ulique
205 2625 452 2690 dominationem
475 2633 615 2691 vestram
630 2633 679 2688 tot
694 2624 971 2708 qualiumcumque
984 2627 1102 2691 civium
1114 2628 1242 2690 amissio

67 2757 137 2819 sqq.
173 2736 216 2798 43
245 2735 332 2808 (226)
356 2733 400 2797 Et
422 2741 529 2797 tamen
553 2731 776 2816 quodcumque
799 2729 1003 2816 dispendium
1025 2734 1143 2797 estrei
1167 2755 1241 2796 ves-

67 2849 132 2905 trae
157 2839 321 2926 perhanc
345 2848 475 2916 sectam,
500 2861 573 2904 cum
597 2839 702 2922 aliquo
726 2838 840 2921 utique
863 2837 1024 2923 praesidio
1040 2837 1239 2924 compensari

67 2955 184 3030 potest.
209 2943 319 3026 (μιν)
342 2947 453 3029 aliquo
476 2944 608 3028 utiquc”
636 2942 747 3025 (Putl)
764 2942 858 3007 Frdd.
874 2951 906 3008 et
922 2944 994 3009 edd.
1011 2945 1084 3029 Rig.
1096 2945 1241 3010 Haverk.

66 3051 196 3138 Reliqui
232 3051 334 3117 Codd.
370 3052 452 3116 Mss.
488 3059 521 3116 et
554 3049 639 3115 Edd.
664 3049 772 3113 delent
794 3071 865 3114 voc.
895 3049 1059 3134 ,atiqoe”)
1084 3052 1126 3114 48
1152 3049 1240 3132 (252)

66 3159 223 3243 Recogita
246 3159 323 3244 quid
346 3159 446 3223 fueris
470 3167 639 3242 antequam
663 3180 770 3222 esses:
794 3159 909 3241 utiquc
928 3158 1025 3234 nihil;
1041 3160 1241 3223 meminisses

65 3270 161 3343 enim,
198 3268 226 3330 si
259 3265 336 3350 quid
370 3265 497 3330 fuisses,
522 3267 564 3329 48
590 3262 680 3346 (253)
704 3264 1025 3330 Ettamenlacilius
1049 3266 1241 3349 aliquoties

64 3374 152 3459 quod
177 3373 268 3436 fuisti
290 3371 471 3457 aliquando,
496 3375 571 3456 quia
593 3394 694 3457 aeque
717 3394 781 3434 non
805 3369 933 3435 difficile
956 3371 1061 3436 factus
1097 3394 1131 3436 es
1155 3367 1246 3456 quod

64 3502 240 3565 numquam
263 3478 352 3543 fuisti
376 3477 556 3562 aliquando.

109 3587 197 3651 (ham
218 3585 387 3668 negatione
402 3585 616 3652 coniuratum
632 3581 809 3664 „utique”
826 3585 962 3669 primum
974 3583 1060 3669 apud
1072 3593 1240 3669 argenteae

63 3695 179 3758 aetatis
204 3694 375 3777 scriptores
398 3694 431 3754 in
454 3713 515 3755 usu
538 3699 596 3768 est,
622 3691 707 3755 idem
729 3692 840 3756 valens
864 3689 967 3774 quod:
995 3690 1240 3775 ,neatiqacnc”,
1341 3709 1342 3712 ’

67 3801 181 3877 ,trullo
215 3797 340 3862 'modoffi
373 3797 437 3874 (Of.
470 3797 616 3862 Fre-aod.
645 3797 724 3861 Lex.
748 3795 804 3863 IV
827 3820 879 3883 pg.
905 3793 1002 3880 893)
1027 3800 1046 3862 6
1072 3796 1141 3880 (37)
1165 3798 1241 3863 Piso

64 3917 94 3969 et
131 3904 291 3970 Gabinius
322 3905 470 3969 consules
505 3925 573 3967 noa
599 3904 713 3986 atique
737 3902 931 3979 Christiani;
958 3905 975 3968 7
1002 3900 1071 3986 (40)
1095 3903 1242 3968 Immca

14 4055 30 4132 q
66 4012 185 4097 quibus
220 4010 310 4096 prodi
345 4012 468 4096 potuit?
493 4009 550 4072 Ab,
571 4011 648 4093 ipsis
672 4010 757 4072 enim
779 4011 842 4073 reis
865 4031 935 4073 aon
957 4011 1080 4092 atique.
1107 4011 1147 4073 10
1173 4007 1239 4089 (61)
