2788 4500
726 201 767 264 64

161 395 384 479 probationem
415 391 460 474 (11
482 394 542 460 hac
566 415 693 478 quoque
717 393 912 480 probatione.
936 391 984 476 1.).
1008 396 1051 460 48
1078 394 1168 478 (254)
1193 397 1318 462 Dubita-

163 501 257 580 bitnr,
282 500 389 579 credo,
413 499 454 564 de
477 499 529 564 dei
553 499 685 578 viribus,
710 502 764 584 qui
787 509 910 565 tantum
933 523 1049 587 corpus
1072 501 1134 568 hoc
1157 503 1266 568 mundi
1287 503 1320 568 de

163 630 200 672 eo
232 607 319 692 quod
349 627 427 672 non·
446 606 551 670 iuerat
578 629 642 670 non
665 608 770 670 minus
793 629 888 691 quam
911 607 951 672 de
974 616 1075 673 morte
1098 612 1274 688 vacationis
1296 620 1320 674 et

162 715 324 780 inanitatis
352 712 413 777 sibi
437 714 546 798 posuit
568 707 742 777 animatum
765 715 879 798 spiritu
901 716 1041 779 omnium
1065 717 1241 782 animarum
1263 719 1321 782 ani·

162 828 293 902 matare,
322 821 481 904 signatum
513 826 546 883 et
579 821 684 904 ipsum
707 818 863 884 humanae
884 823 1125 886 resurrectionis
1150 823 1320 910 exemplum

161 927 200 990 in
231 926 455 990 testimoniam
485 925 586 990 v'obis.
617 926 660 990 48
686 923 776 1007 (249)
800 926 873 1006 Age
896 928 968 1004 iam,
992 928 1098 1011 siqui
1123 928 1321 1016 philosophus

162 1031 316 1110 1111111111,
350 1039 384 1094 ut
419 1032 464 1095 ait
490 1030 646 1096 Laberius
675 1030 716 1096 de
745 1034 904 1097 sententia
928 1032 1141 1117 Pythagorae,
1172 1034 1322 1100 hominem

162 1139 229 1203 fieri
253 1161 292 1202 ex
319 1138 414 1216 mulo,
439 1137 601 1202 colubram
625 1160 665 1202 ex
688 1139 828 1217 muham,
846 1146 879 1202 et
892 1139 932 1203 t're
943 1160 1015 1204 eom
1026 1141 1323 1223 opinioaemomnia

163 1252 348 1330 argumenta
368 1244 483 1329 eloquii
511 1247 627 1309 virtute
650 1244 838 1323 distorserit‚
859 1267 966 1310 nonne
984 1268 1175 1311 consensum
1192 1247 1323 1314 movebit

164 1360 196 1416 et
217 1351 313 1416 fidem
333 1351 441 1435 infiget
464 1352 559 1415 etiam
582 1351 622 1415 ab
647 1351 834 1416 animalibus
858 1351 1062 1416 abstinendi?
1086 1349 1094 1381 ¹

208 1458 274 1522 Pro
303 1457 454 1522 Genitioo
480 1457 632 1521 obiectioo
655 1457 814 1522 interdum
837 1466 989 1544 usurpata
1011 1466 1061 1524 est
1071 1459 1110 1523 ire
1122 1462 1322 1545 praepositio:

164 1566 184 1627 2
209 1561 276 1646 (11)
298 1564 422 1648 Atquin
433 1565 613 1630 invenimus
625 1565 862 1648 inquisitionem
874 1586 1000 1649 quoque
1011 1566 1050 1628 111
1058 1585 1119 1629 mos
1132 1565 1322 1650 prohibitam.

164 1672 206 1734 23
231 1668 321 1752 (149)
345 1670 469 1753 Atquin
492 1672 593 1734 omnis
616 1670 696 1735 hoec
720 1679 828 1736 nostra
849 1671 888 1735 t'rt
909 1672 984 1736 illos
995 1670 1170 1736 dominatio
1181 1679 1216 1736 et
1227 1679 1323 1757 potes·

162 1785 214 1842 tas
234 1775 275 1842 de
299 1778 512 1841 nominatione
536 1775 657 1841 Christi
681 1777 765 1842 valet
789 1785 821 1841 et
843 1777 884 1842 de
907 1779 1208 1842 commemoratione
1228 1799 1324 1844 eorum

163 1905 244 1968 quae
268 1883 329 1946 sibi
352 1905 372 1947 a
394 1882 455 1947 deo
478 1905 536 1968 per
558 1882 711 1948 arbitrum
734 1883 897 1948 Christum
919 1885 1116 1948 imminentia
1136 1891 1325 1969 exspectant.

164 1990 206 2053 33
231 1987 321 2070 (178)
345 1987 410 2054 Sed
433 1988 511 2074 quid
535 2010 593 2073 ego
617 1989 752 2075 amplius
768 1989 809 2054 de
820 1990 972 2075 religione
984 1998 1079 2074 atque
1091 1992 1212 2075 pietate
1225 1989 1326 2055 Chris·

162 2097 249 2160 tiana
271 2095 309 2158 t'rt
335 2091 585 2178 imperatorem?
613 2097 655 2160 46
680 2094 770 2178 (236)
795 2095 945 2162 Ceterum
968 2098 994 2160 si
1018 2094 1058 2160 de
1082 2095 1240 2182 pudicitia
1263 2117 1327 2182 pro·

164 2224 324 2280 vocemus,
349 2201 421 2286 lego
444 2208 566 2286 partem
589 2205 765 2267 sententiae
788 2204 917 2268 Atticae
940 2204 979 2268 t'rt
992 2203 1171 2268 Sco-rotem:
1194 2202 1328 2290 Corrup-

164 2317 263 2373 torem
286 2307 536 2374 adolescentium
559 2313 806 2395 pronuntiatum.

127 2456 130 2463 -
209 2416 380 2480 Interdum
399 2437 463 2499 pro
484 2415 605 2480 Dotioo
633 2415 702 2493 „in”
724 2417 925 2500 praepositio
948 2437 1024 2481 cum
1046 2412 1329 2481 Ammotioo'omt·

165 2521 277 2585 immoto
303 2518 316 2556 ²
351 2520 500 2596 scribitur
534 2523 575 2586 46
612 2519 703 2604 (236)
738 2524 812 2587 licet
839 2521 932 2587 Plato
955 2522 1099 2588 adimet
1120 2521 1330 2588 factitatorem

163 2629 378 2692 rmiversitatis
412 2649 515 2712 neque
549 2630 686 2693 inveniri
720 2629 848 2694 facilem
880 2637 911 2694 et
945 2631 1111 2695 inventum
1134 2632 1277 2694 enarrari
1301 2630 1330 2691 ia

164 2755 276 2798 orarios
298 2733 469 2798 difficilem.

208 2840 348 2904 Invidus
368 2841 408 2904 iro
426 2841 570 2924 aliquem
587 2862 651 2924 pro
679 2841 816 2919 „alicui”
844 2840 992 2922 (Kirhner
1013 2842 1061 2906 II.
1086 2866 1117 2928 p.
1142 2843 1210 2908 233
1235 2844 1280 2908 A.
1294 2841 1330 2922 3).

164 2935 271 3010 Malus
295 2945 455 3032 iuppiter,
479 2949 506 3012 si
529 2947 651 3012 tulmen
674 2949 758 3012 illius
781 2957 840 3027 est,
854 2950 969 3035 impius
981 2951 1015 3013 in
1027 2958 1188 3035 nepotem,
1200 2951 1333 3015 1111111111

165 3054 202 3116 r'rt
225 3053 398 3136 artificem.

208 3160 379 3244 Reperitur
411 3162 450 3224 io
483 3163 676 3246 praepositio
710 3162 822 3225 addim
850 3163 894 3225 ad
922 3161 1103 3226 attererem
1125 3162 1333 3235 substantivi,

165 3267 251 3348 qaod
274 3271 400 3349 tempas
423 3267 570 3330 indicat:
595 3268 635 3331 19
660 3265 752 3348 (106)
778 3266 853 3351 Cyri
877 3269 960 3331 enim
985 3276 1018 3332 et
1038 3267 1131 3332 Darii
1152 3289 1254 3352 regno
1278 3268 1335 3332 fuit
1367 3311 1368 3362 q

165 3372 343 3452 Zacharias,
376 3394 440 3456 qao
469 3374 508 3436 itt
531 3380 671 3458 tempore
693 3374 820 3452 Thalea,
845 3374 1048 3460 physicorum
1071 3376 1232 3461 princeps,
1258 3377 1335 3440 sois-

165 3480 276 3542 citanti
300 3477 420 3543 Croeso
444 3479 521 3543 nihil
544 3488 666 3544 certum
689 3478 729 3544 de
752 3479 920 3546 divinitate
943 3480 1110 3567 respondit
1133 3478 1189 3561 (ci.
1214 3480 1333 3546 dehoc

166 3605 241 3646 usn:
272 3583 366 3648 Kritz
390 3584 431 3648 ad
454 3583 596 3650 Sallustii
619 3585 713 3652 Catil.
739 3589 769 3651 5.
794 3585 860 3668 48).

208 3846 214 3871 ¹
234 3848 269 3900 ci.
288 3847 391 3901 dehoc
410 3865 461 3914 usp
480 3847 514 3902 ad
534 3848 599 3902 Nat.
619 3817 657 3902 Il.
677 3851 711 3903 8:
731 3848 835 3904 Suadet
853 3849 947 3920 utique
965 3848 999 3903 de
1012 3849 1188 3904 recondendis
1196 3849 1336 3920 praesidiis

168 3936 198 3987 in
216 3935 340 4001 (1111111111
359 3935 458 3999 samem
478 3937 511 3990 de
529 3939 608 4008 copia
626 3940 721 4010 priore,
741 3940 758 3994 i.
778 3957 801 3993 e.
821 3938 856 3992 ad
875 3937 1019 3996 arcendam
1038 3937 1147 3994 famem.
1167 3965 1200 3974 —
1272 3969 1274 3974 ·

207 4021 215 4047 ²
234 4023 268 4075 ml
290 4023 365 4076 Natt.
386 4024 407 4077 Ι.
430 4025 459 4080 1.,
472 4026 637 4094 exprobrant
655 4029 736 4088 enim,
755 4025 829 4097 quod
848 4035 933 4090 crant,
952 4027 1081 4080 insemel
1100 4027 1181 4107 ipsos.
