2808 4492
656 199 717 343 roo

80 441 138 503 Ad
166 419 274 523 quom
297 438 447 508 Leidens.
472 439 578 522 Atqui
599 436 677 501 ΒΡ)
700 436 789 502 abce.
816 436 959 503 Vindob.
973 437 1089 520 Atque,
1111 435 1272 516 Haverk.)

82 547 103 608 8
131 543 207 626 (45)
232 547 362 628 Atquiu
384 545 566 609 uolentibus
590 546 707 608 initiari
722 546 818 608 moris
835 552 893 622 est,
907 546 1029 628 opinor,
1043 545 1130 628 prius
1147 551 1273 628 patrem

82 652 180 714 illum
207 673 369 715 sacrorum
393 651 491 729 adire,
516 633 599 736 quac
622 649 841 736 praeparanda
856 653 921 714 sint
936 649 1124 714 describere.
1142 647 1271 732 (Atqu,

80 757 207 821 DFbc.
243 758 351 840 Atque
382 779 407 822 e.
444 755 603 838 (0101)).
640 759 680 821 41
716 755 806 839 (219)
830 757 960 840 Atquin
982 778 1041 820 nos
1064 754 1273 819 nullomodo

82 861 269 928 laedimur':
293 872 368 928 cett.
394 861 519 947 (Atqui,
543 861 701 945 1111111).-

131 969 322 1051 Denique
344 972 480 1036 iruulta
502 973 630 1036 rutinae
652 974 743 1056 apud
767 971 1007 1036 Tertullianum
1026 971 1270 1053 praecedeutem

80 1079 289 1142 senteutiam
322 1080 420 1162 qum
453 1080 558 1143 dumo
593 1084 822 1163 repraesentat,
846 1062 897 1142 uu
920 1098 993 1141 cero
1016 1077 1174 1140 1111111111
1197 1097 1271 1140 euru

82 1189 236 1268 eapouut
267 1191 298 1248 et
331 1187 473 1269 exemplo
504 1187 684 1251 cluastral¹
726 1184 829 1270 (Belg.
865 1181 1011 1265 iruuurs)
1046 1183 1150 1269 Igitur
1183 1182 1270 1246 idem
1340 1183 1343 1190 '

82 1290 159 1355 lere
202 1290 374 1374 „unique”
402 1293 558 1375 signifieat
582 1291 668 1376 quod
696 1291 829 1370 „uelut”
860 1291 1029 1374 „exempli
1044 1289 1185 1374 91111ῶαῖ
1213 1295 1270 1368 „ul

85 1417 160 1460 urw
199 1398 341 1480 exemplo
376 1396 530 1481 fuupur.”
569 1395 634 1461 Sed
670 1397 879 1461 conferamus.
902 1399 973 1480 ipsa
996 1397 1150 1481 exempla.
1178 1398 1193 1458 1
1220 1392 1270 1477 (8)

84 1523 191 1564 omne
225 1503 341 1566 malum
379 1512 434 1567 aut
456 1506 568 1568 timore
592 1513 649 1589 aut¹
669 1503 790 1589 pudore
814 1511 927 1567 natura
950 1502 1107 1588 perfudit:
1131 1503 1273 1585 denique

84 1607 231 1672 malefici
257 1610 399 1692 gestiunt
420 1609 528 1688 latere,
553 1609 699 1674 devitant
721 1631 875 1695 apparere
899 1611 918 1672 2
944 1606 1011 1690 (18)
1035 1607 1116 1673 Ideo
1139 1616 1270 1692 torque-

85 1737 168 1778 mur
193 1716 377 1780 confitentes
393 1717 427 1781 ef
439 1719 588 1803 punimur
599 1725 840 1802 perseverantes
854 1725 886 1780 et
898 1716 1092 1780 absolvimur
1103 1724 1271 1802 negantes,

1 1821 2 1828 ’
85 1823 173 1905 quia
196 1824 331 1888 nominis
355 1824 490 1908 prolium
514 1831 572 1887 est.
597 1823 748 1906 Dcuc‘que
771 1825 826 1906 qui
842 1822 882 1887 dc
898 1822 1018 1886 tabella
1026 1825 1167 1886 recitatis
1180 1823 1270 1886 illurn

85 1927 324 2006 Christianum,
360 1951 418 1994 cur
450 1952 516 1993 non
539 1937 582 1993 et
611 1928 827 1994 homicidam?
860 1931 879 1994 9
905 1926 974 2010 (53)
1006 1951 1046 1994 ne
1078 1951 1140 2014 quo
1172 1929 1270 1994 modo

84 2035 250 2116 sanguine
273 2038 525 2100 contaminemur
548 2037 599 2100 vel
622 2038 704 2100 inter
727 2038 852 2100 viscera
875 2036 1016 2121 sepulto:
1032 2037 1170 2119 danique
1186 2037 1273 2099 inter

85 2147 324 2224 temptamenta
368 2140 620 2206 Christianorum
658 2141 785 2206 botulos
824 2144 920 2230 etiam
958 2164 1069 2206 cruore
1108 2141 1270 2206 distensos

84 2248 283 2319 admovetis.
309 2250 350 2313 28
377 2247 466 2331 (170)
492 2248 595 2314 Citius
626 2249 763 2332 (leuique
787 2249 871 2334 apud
896 2272 954 2313 vos
977 2272 1035 2335 per
1058 2272 1167 2314 omnes
1190 2249 1270 2314 deos

87 2377 193 2440 quam
217 2377 273 2440 per
295 2379 393 2419 unum
415 2359 544 2440 genium
561 2345 707 2421 Caesaris
724 2356 892 2441 peieratur.
910 2357 952 2420 30
970 2353 1060 2438 (174)
1076 2356 1269 2440 Recogitant

86 2482 262 2546 quousque
296 2464 382 2526 vires
417 2465 541 2548 imperii
575 2465 625 2526 sui
648 2463 785 2540 valeant,
820 2471 852 2527 et
875 2464 920 2526 ita
942 2462 1037 2527 deum
1060 2463 1269 2547 intellegunt;

85 2567 249 2632 adversus
284 2590 379 2652 quem
413 2568 520 2634 valere
554 2591 618 2633 non
654 2577 797 2654 possunt,
829 2591 886 2654 per
907 2591 980 2632 eum
1002 2569 1108 2633 valere
1132 2592 1167 2633 se
1191 2591 1270 2654 cog-

86 2683 241 2738 noscunt.
276 2673 409 2738 Caelum
443 2677 581 2759 deuique
604 2675 743 2740 debellet
764 2678 945 2761 imperator.
970 2676 1013 2739 40
1039 2674 1130 2756 (215)
1154 2676 1206 2740 Ex
1229 2697 1270 2739 eo

141 2924 150 2949 ¹
171 2923 213 2978 of.
243 2925 323 2980 stul:
341 2926 385 2980 dic
404 2926 458 2981 lou.
477 2927 591 2988 Versch.
610 2945 637 2998 p.
659 2927 724 2982 137:
743 2927 865 2995 Deuiquc
882 2927 958 2982 dient
977 2928 1038 2982 sehr
1056 2929 1097 2983 oft
1116 2946 1169 2985 nur
1186 2929 1268 2994 dazu,

82 3017 129 3070 ein
168 3013 282 3085 Beispiel
309 3033 346 3068 an
370 3033 405 3069 zu
433 3016 556 3086 knitpfcn
575 3017 641 3071 oder
658 3017 701 3070 die
721 3015 932 3087 Spezifizierung
950 3018 1022 3073 eines
1041 3017 1205 3072 Gedankens
1224 3018 1268 3071 ein

85 3123 123 3159 zu
156 3103 237 3156 leiten
265 3103 338 3172 (vide
369 3103 453 3162 Haud
460 3124 466 3158 ε
492 3104 606 3159 Turseli.
635 3105 674 3158 ΙΙ.
702 3123 730 3174 p.
758 3105 834 3174 277„
863 3105 911 3159 der
929 3111 998 3160 erste
1017 3107 1053 3160 ist
1071 3107 1202 3174 Apuleius
1221 3106 1270 3174 (cf.

85 3193 198 3255 Becker,
227 3192 305 3248 stud.
333 3193 497 3264 Apuleiana.
527 3211 554 3264 p.
574 3194 633 3259 32);
652 3194 711 3246 ihm
728 3194 820 3264 folgen
843 3194 996 3258 lbrtulluru
1021 3195 1150 3264 Oppriou,
1176 3193 1270 3248 Victor

86 3299 142 3336 rou
177 3281 247 3346 Vtu,
272 3282 432 3350 naucum
459 3281 517 3336 und
549 3283 655 3336 Coelius
684 3283 859 3336 Aurelianus.
890 3282 1058 3337 Ausserhalb
1076 3282 1164 3336 dieser
1181 3283 1270 3336 Reihe

84 3371 187 3424 stehcn
215 3385 267 3422 nur
293 3371 382 3440 einige
408 3371 539 3435 Juristen
558 3371 711 3424 Facutc‘uus
729 3371 850 3424 undam
869 3371 1010 3442 Eingange
1028 3372 1076 3425 des
1094 3371 1270 3425 Mittelalters

94 3458 250 3512 Veranius
276 3459 463 3515 Fortunatus:
479 3460 630 3528 Koffmane,
658 3460 756 3514 Geseh.
784 3460 832 3514 des
850 3459 1019 3514 Kirchenlat.
1038 3477 1065 3529 p.
1086 3459 1136 3513 135
1154 3460 1269 3528 deuiqru

89 3571 123 3594 =
158 3563 224 3600 zum
250 3548 376 3618 Beispiel.
404 3549 611 3603 Rauenna.
631 3549 933 3618 V.pg.345deuique
951 3570 984 3594 =
1002 3565 1040 3613 se,
1059 3565 1124 3601 zum
1141 3549 1267 3618 Beispiel.

88 3637 221 3691 Romule:
239 3637 418 3708 Semasiolog.
429 3639 554 3708 Beitrage
565 3655 630 3692 zum
642 3637 703 3692 Lat.
717 3637 853 3691 Wlirterb.
866 3637 978 3706 (1111111111
987 3659 1020 3683 =
1030 3643 1062 3691 ut
1074 3654 1129 3690 uno
1141 3637 1269 3707 exemplo

85 3729 201 3796 fungar.
238 3726 278 3780 W.
306 3726 402 3780 Hartd
432 3727 557 3792 „Lucifer
587 3744 640 3787 von
668 3727 788 3796 Oagliari
815 3725 872 3779 und
900 3727 957 3780 sein
975 3725 1090 3780 Latein”
1109 3724 1269 3794 (Wblffiin's

86 3814 197 3870 Archiv
227 3814 243 3867 3
268 3815 366 3884 Jahrg.
396 3816 408 3867 1
438 3815 529 3883 Heft.)
556 3832 584 3885 p.
614 3815 658 3869 18:
686 3815 803 3885 denique
821 3815 884 3885 fagr
901 3815 980 3868 einen
998 3815 1110 3869 aweiten
1128 3813 1266 3868 Umstand

83 3902 281 3973 bekriiftigend
311 3903 404 3958 hinzu.
430 3904 473 3959 of.
492 3904 526 3958 de
544 3904 604 3958 aliis
622 3905 705 3958 huius
724 3904 846 3959 adverbii
864 3903 1108 3974 significationibus
1125 3903 1211 3956 Zlulc:
1229 3903 1268 3957 D.

84 3992 244 4064 Mytholog.
271 3993 435 4062 Fulgentius
463 3992 587 4061 (Wtirzb.
621 3993 700 4062 1867)
728 4011 773 4062 pg.
802 3994 845 4047 58.
872 3992 945 4047 Vide
974 3994 1057 4046 etiam
1085 3992 1154 4045 Kale
1180 3991 1268 4046 Roms

1 4065 39 4168 >
81 4084 277 4152 Juraoenpg.
300 4083 340 4136 19.
362 4081 403 4136 20.
424 4083 466 4136 21.
782 4079 788 4092 ·
