2808 4492
642 231 703 293 111

82 425 175 490 Haeo
202 425 340 508 denique
360 427 542 489 testimonia
564 425 697 504 deorum
719 434 898 490 vestrorum
922 424 1120 490 Christianos
1144 424 1251 489 iacere

81 537 285 596 consuerunt.

124 635 307 718 Denique
327 662 369 689 =
381 637 470 721 Bclp.
489 639 572 716 „don
585 637 660 702 ook'’
680 634 790 718 utta)
804 637 955 721 Denique
967 638 1128 700 invenisse
1141 635 1254 700 dicun-

81 752 132 808 tur
153 746 335 809 necessaria
358 746 420 808 ista
443 745 538 818 vitae,
564 767 628 809 non
651 747 838 809 instituisse.

124 848 307 931 Denique
342 876 385 902 =
418 851 539 915 scilicet
578 849 690 932 ladit)
733 852 877 935 Denique
904 849 980 915 inde
1004 852 1145 935 suspicio
1169 849 1254 934 quod

81 959 254 1023 innotuerit
276 979 337 1022 nos
360 959 404 1021 ad
425 959 561 1022 orientis
584 961 746 1043 regionem
770 961 894 1045 precari
913 957 934 1022 ¹.
1056 997 1059 1001 -

124 1061 334 1138 Interim.²
371 1060 504 1145 19(108)
544 1062 616 1141 „Sic
651 1087 746 1148 quem
780 1064 914 1129 audistis
948 1065 1084 1128 intectos
1106 1062 1252 1146 Moysen,

80 1171 207 1256 Argivo
234 1169 356 1234 Inacho
391 1172 510 1255 pariter
544 1179 647 1235 aetate
672 1170 751 1235 est.”
778 1169 936 1234 Oehlerus
961 1170 1117 1255 explicat:
1145 1163 1255 1244 gante-
1368 1257 1372 1264 ¹

80 1299 183 1360 quom
218 1278 300 1341 alios
332 1278 372 1340 in
409 1278 634 1342 testinnonium
667 1276 896 1358 advocavero;”
932 1299 1011 1360 ego:
1047 1280 1103 1352 „ut
1132 1275 1173 1338 ab
1199 1275 1257 1338 icoc

80 1385 223 1448 initium
245 1383 398 1467 factam!
429 1380 562 1465 19(108)
587 1386 657 1470 ipsa
680 1386 800 1467 templa
822 1389 852 1448 a
871 1383 999 1447 oracula
1015 1383 1255 1448 ctsacraunius

79 1492 219 1554 interim
242 1489 417 1577 prophetae
441 1492 591 1554 scrinium
616 1491 750 1555 saeculis
775 1491 889 1566 vincit;
910 1487 966 1570 (=
980 1489 1145 1553 aestatim
1153 1489 1256 1571 plara

81 1599 230 1681 exemplo
263 1599 441 1678 adducam
475 1603 514 1661 ot
547 1599 584 1661 de
612 1598 748 1681 reliquie
778 1594 924 1678 taccam.)
950 1593 1085 1677 21024)
1109 1595 1256 1681 Recipite

80 1705 219 1768 interim
242 1704 324 1768 hanc
348 1703 498 1781 fabulam,
524 1705 635 1768 similis
659 1713 709 1768 est
731 1707 857 1781 vestris,
880 1705 956 1769 dnm
968 1704 1164 1769 ostendimus
1177 1725 1257 1788 quo·

80 1809 178 1875 modo
204 1809 349 1875 Christus
374 1810 526 1896 probetur
549 1808 697 1892 (interim
719 1835 762 1864 =
785 1808 991 1895 ooorloopc'p).
1017 1806 1258 1890 21(131)Mul·
1306 1801 1311 1810 ⁵

80 1924 149 1980 tum
186 1924 235 1980 cst
269 1917 296 1980 si
320 1938 375 1980 eos
399 1915 568 1980 adhibeam
591 1925 626 1980 ut
649 1916 786 1981 credatis
811 1915 1000 1981 Christianis
1025 1928 1155 2002 propter
1177 1937 1257 2000 quos

79 2045 146 2087 non
182 2022 312 2087 creditis
337 2020 538 2086 Christianis
563 2023 704 2086 Interam
726 2021 781 2085 hic
804 2029 853 2085 est
876 2021 955 2086 ordo
978 2030 1105 2086 nostrae
1129 2024 1257 2085 institu-

79 2131 179 2194 tionis
216 2125 271 2209 (=
302 2133 480 2210 antequam
503 2128 591 2211 ipsos
614 2129 687 2192 deos
710 2132 831 2191 cestros
856 2133 947 2191 testes
970 2129 1118 2192 caritatis
1146 2127 1256 2192 03733-

81 2237 196 2300 tianae
220 2231 345 2316 coemto).
370 2232 423 2298 Cf.
448 2233 488 2298 de
513 2234 625 2298 Pallio.
649 2233 695 2300 V.
721 2232 774 2315 (O.
801 2232 912 2314 9545)
943 2242 993 2312 „et
1006 2242 1165 2299 memento
1179 2236 1257 2298 istos

80 2345 211 2408 interim
239 2338 376 2426 [patmos
401 2338 442 2422 (o.
466 2344 497 2406 d.
528 2338 639 2424 Vtica]
664 2365 703 2406 ex
725 2343 833 2406 multis
857 2350 981 2427 togatos
1006 2342 1123 2420 tuisse3
1148 2342 1256 2427 quales

80 2449 170 2535 apud
205 2449 336 2533 pallium
369 2448 454 2512 haud
490 2447 615 2513 facile.”
642 2448 686 2513 H.
711 2471 739 2514 e.
764 2451 893 2532 qualem
915 2449 1003 2513 inter
1022 2449 1179 2533 palliatos
1201 2449 1258 2512 oia
1333 2439 1335 2444 ¹

80 2557 194 2620 allum
215 2555 392 2631 invenem,
418 2555 496 2618 tales
519 2554 557 2618 in
583 2561 655 2638 topa
677 2557 777 2619 molti
798 2556 959 2639 suerunt.
973 2577 1115 2639 quoram
1137 2576 1258 2638 paucos

80 2663 188 2742 mode,
212 2667 251 2726 ut
274 2661 413 2725 initiam
432 2661 573 2744 facerem
587 2663 735 2735 (interim
750 2687 793 2714 =
808 2663 998 2746 coortroptp,
1009 2683 1068 2726 vor
1078 2664 1135 2726 der
1146 2662 1257 2739 Hand,

80 2747 273 2848 zundcimt),
309 2768 468 2831 recenseri.
505 2765 582 2849 (van
616 2767 673 2833 der
706 2768 808 2834 Vliet.
845 2767 936 2833 stud.
972 2769 1062 2834 Eccl.
1091 2792 1143 2854 pg.
1171 2766 1257 2851 100).

82 2873 257 2960 Scorpiace
291 2872 328 2938 V
363 2871 417 2954 (O.
451 2871 479 2936 I.
516 2872 626 2955 509.6)
667 2875 866 2961 „Acceperat
899 2898 917 2939 a
948 2876 1077 2940 domino
1101 2897 1159 2940 suo
1182 2884 1259 2940 uta

81 2981 210 3046 medico
245 2983 322 3044 satis
358 2969 466 3044 utilem
501 2980 703 3067 disciplinam
735 2982 910 3047 seeundum
932 2983 1035 3068 legem
1058 2983 1200 3061 vivendi,
1224 2991 1261 3046 ut

81 3089 192 3152 omnia
215 3085 345 3171 quidem
369 3086 487 3164 ederet,
512 3087 552 3150 ab
576 3110 639 3151 una
662 3088 860 3153 solummodo
876 3087 1046 3156 arbuscula
1057 3099 1258 3176 temperaret,

123 3429 131 3456 ¹
163 3430 208 3484 Ex
236 3428 312 3482 libris
342 3427 378 3482 ad
406 3427 540 3482 Nationes
567 3427 623 3481 duo
649 3427 717 3482 libet
747 3428 841 3483 afferre
859 3429 992 3499 exempla,
1012 3430 1111 3499 quibus
1135 3432 1259 3501 „deame

80 3519 158 3574 idem
184 3519 241 3572 fere
268 3517 359 3588 signif.
387 3515 461 3588 quod
489 3521 534 3582 „ut
551 3516 637 3570 brevis
654 3517 717 3582 sim,
737 3523 767 3570 ut
781 3518 881 3586 paucis
898 3518 1015 3572 dicom.”
1035 3519 1071 3572 ad
1089 3520 1155 3574 Nat.
1174 3520 1214 3574 II.
1235 3521 1258 3574 1.

80 3608 157 3676 (333)
176 3607 277 3660 Patent
295 3606 367 3660 oculi
385 3623 435 3660 neo
453 3606 554 3669 vident,
573 3604 651 3659 hiant
669 3622 747 3658 aures
766 3623 815 3660 nec
834 3605 960 3671 audiunt,
979 3623 1025 3661 cor
1043 3612 1135 3677 stupet
1151 3607 1258 3672 saliens,

80 3697 171 3751 nescit
198 3695 306 3749 animus
331 3695 405 3764 quod
433 3695 563 3764 agnoscit.
583 3694 704 3762 Denique
721 3695 870 3749 si·tantam
888 3696 1092 3765 perversitatem
1110 3714 1166 3750 una
1184 3715 1259 3767 prae·

80 3785 231 3856 scriptione
248 3784 348 3838 discuti
367 3784 459 3838 liceret
477 3801 534 3854 sqq.
554 3783 594 3837 II.
615 3784 628 3836 l
649 3782 723 3852 (335)
743 3783 796 3838 Sed
814 3784 922 3853 passiva
940 3790 967 3838 et
985 3785 1158 3855 municipalis
1176 3784 1259 3856 adop-

81 3875 154 3929 tatio
171 3879 221 3928 est.
240 3873 361 3941 Demque
378 3871 453 3943 apud
471 3871 648 3942 philosophos
666 3872 777 3936 incerta,
797 3873 863 3943 quia
881 3873 956 3926 varia
974 3891 1032 3942 sqq.

123 3961 134 3989 ¹
160 3963 300 4016 Interdum
327 3983 359 4007 =
386 3960 499 4014 interim
518 3960 623 4014 obtinet
641 3960 705 4030 Dig.
725 3961 777 4015 IV.
797 3962 822 4016 8.
843 3962 883 4016 16.
906 3964 932 4026 13
953 3961 1021 4016 Cod.
1041 3962 1092 4016 VI.
1113 3963 1153 4017 17.
1173 3964 1204 4028 2;
1223 3964 1259 4018 cf.

83 4052 194 4107 Rttnsch
212 4051 236 4104 I.
256 4067 283 4104 u.
302 4051 337 4105 V.
358 4069 384 4121 p.
404 4051 464 4104 345.
