2788 4500
656 253 750 358 ⁸42

128 446 325 534 'posterioris
350 446 462 509 aetatis
487 454 632 510 auctores
652 450 697 512 ita
709 449 836 534 saepius
849 447 1019 512 utebantur
1029 455 1066 510 ut
1077 447 1182 510 locum
1195 446 1323 530 signiti-¹

142 560 261 630 carent,
284 552 324 634 irc
339 572 412 635 quc,
429 574 492 616 non
504 554 598 617 iacta
610 575 706 637 quem
719 553 839 638 aliquid
850 555 938 619 fieret
948 554 999 618 vel
1010 553 1132 618 lactum
1145 561 1231 618 esset
1241 577 1248 628 ;
1260 555 1319 637 qni
1372 571 1373 594 ¹

141 680 228 737 nsua,
253 680 326 722 cum
348 657 417 722 tere
440 659 621 724 nominibus
645 659 780 739 urbium,
804 669 969 742 terrarum,
992 661 1168 725 insularum
1185 661 1322 745 paucis·
1372 665 1373 738 l

142 786 203 848 que
235 765 305 828 aliis
338 764 547 829 substantivis
575 767 681 830 locum
710 765 936 845 indicantibus,
969 767 1057 831 velut
1087 766 1173 853 apud
1197 765 1321 847 forum,

27 950 30 956 Ι
142 869 227 956 apud
259 870 427 947 theatrum,
452 870 538 957 apud
560 873 679 951 villam,
704 876 927 952 contineretur,
952 896 971 939 a
993 873 1190 937 Tertulliano
1213 872 1323 935 mnlto

142 975 271 1039 liberius
295 975 456 1040 adhibitus
480 985 547 1056 est„
564 981 647 1042 sicut
670 1001 709 1042 ex
732 982 781 1057 iis,
807 1002 887 1064 quae
903 978 1026 1064 collegi,
1044 978 1197 1063 exemplis
1214 999 1323 1062 appa·

141 1091 227 1147 reat:
255 1084 271 1145 1
297 1085 340 1158 (5)
363 1081 459 1147 Hanc
484 1086 591 1169 itaque
614 1087 747 1170 primam
772 1109 901 1150 causam
924 1087 1015 1169 opud
1036 1107 1096 1150 vos
1120 1085 1322 1172 collocamus

142 1190 316 1272 iniquitatis
341 1189 405 1253 odii
430 1212 505 1274 erga
527 1213 643 1255 nomen
667 1192 929 1257 Christianorum.
957 1192 997 1255 10
1022 1191 1087 1266 (60)
1111 1193 1138 1254 si
1160 1198 1317 1274 quantum

141 1317 246 1358 rerum
269 1304 463 1380 argumenta,
487 1319 644 1381 nusquam
666 1301 797 1363 invenio
820 1298 962 1363 fideliora
975 1303 1081 1382 'quam
1104 1298 1195 1380 apud
1210 1298 1318 1382 ipsam

140 1400 286 1478 Italiam;
319 1403 359 1465 18
389 1403 477 1477 (1114)
499 1402 608 1470 Hodie
632 1406 723 1488 apud
744 1385 918 1491 Serapeum
942 1404 1119 1468 Ptolemaei
1143 1401 1322 1466 bibliothe-

141 1530 197 1572 cae
232 1531 305 1571 cum
340 1510 418 1594 ipsis
452 1507 624 1574 Hebraicis
658 1510 773 1574 litteris
809 1510 1008 1576 exhibentur.
1046 1511 1087 1572 22
1123 1509 1212 1583 (136)
1248 1506 1316 1571 Sed

141 1613 300 1700 quomodo
324 1614 364 1678 de
388 1615 509 1698 angelis
533 1615 724 1699 quibusdam
748 1625 942 1702 suasponte
962 1617 1119 1701 corruptis
1136 1615 1321 1698 corruptior

141 1742 219 1804 gens
240 1720 433 1786 daemonum
456 1725 601 1798 evaserit,
616 1722 766 1788 damnata
788 1746 807 1787 a
822 1722 883 1786 deo
899 1745 972 1786 curn
987 1723 1112 1805 generis
1129 1719 1318 1784 auctoribus

143 1836 175 1889 et
203 1849 274 1890 cum
304 1849 342 1891 eo
372 1851 466 1911 quem
497 1829 634 1893 diximus
658 1831 803 1915 principe
825 1830 917 1913 apud
938 1829 1059 1892 litteras
1083 1836 1210 1891 sanct-as
1233 1825 1318 1889 ordo

141 1931 352 2016 cogrioscitur.
384 1936 425 1997 22
450 1935 544 2028 (1119)-
563 1936 713 2000 Ceterum
736 1935 929 1999 testudinem
952 1935 1088 2018 decoqui
1112 1956 1185 1997 cum
1208 1934 1319 1996 carni—

142 2039 200 2101 bus
236 2038 368 2124 pecudis
391 2039 526 2124 Pythius
551 2063 589 2105 eo
612 2041 707 2106 modo
731 2043 925 2106 renuntiavit
951 2063 1015 2125 quo
1039 2062 1134 2127 supra
1157 2038 1320 2113 diximus;

127 2153 302 2212 momento
347 2147 438 2229 apud
480 2146 615 2231 Lydiam
654 2148 767 2212 iuerat.
795 2149 806 2186 1
836 2149 876 2211 21
906 2149 993 2222 (130)
1031 2147 1118 2211 Cum·
1148 2145 1340 2231 discipulis·

143 2258 248 2314 autem
293 2252 482 2335 quibusdam
528 2257 618 2337 apud
661 2253 836 2320 Galilaeam
881 2254 1021 2319 Iudaeae
1066 2255 1228 2338 regionem
1273 2251 1320 2316 ad

143 2356 351 2440 quadraginta
392 2357 460 2422 dies
496 2361 561 2443 egit
592 2358 711 2425 docens
747 2384 801 2425 eos
837 2384 917 2446 quae
953 2337 1122 2437 docerent3
1160 2361 1200 2423 27
1226 2360 1336 2434 (167)-

134 2461 207 2535 ,Sed
243 2461 372 2546 quidam
407 2463 599 2529 dementiam
635 2468 827 2546 existimant,
860 2467 957 2551 quod,
987 2489 1060 2532 cum
1090 2467 1249 2552 possimus
1285 2473 1318 2527 et

142 2569 318 2650 sacrificare
341 2572 374 2633 in
398 2573 556 2655 praesenti
582 2580 614 2635 ct
636 2573 749 2636 inlaesi
772 2573 859 2637 abire
882 2582 1029 2638 manente
1055 2574 1147 2656 apud
1161 2572 1319 2635 acinarius

141 2677 316 2760 proposito,
341 2676 588 2751 obstinat-ionem
611 2679 705 2742 saluti
729 2679 957 2765 praeferamus
980 2680 1020 2742 37
1038 2680 1127 2752 (194)
1152 2667 1214 2742 Cui
1230 2677 1322 2741 bello
1374 2675 1375 2736 ss

142 2803 206 2844 non
239 2781 354 2861 idonei,
379 2806 444 2866 non
472 2787 611 2870 prompti
634 2785 817 2863 fuissemus,
843 2789 938 2850 etiam
961 2789 1098 2871 impares
1122 2787 1235 2870 copiiS,
1259 2785 1318 2867 qui

142 2895 207 2950 tam
231 2888 366 2953 libenter
389 2890 592 2970 trucidamur,
618 2893 646 2954 si
669 2915 733 2956 non
756 2895 848 2976 apud
869 2895 963 2956 istam
986 2891 1189 2977 disciplinam
1212 2892 1320 2974 magis

142 2994 245 3057 occidi
273 2996 383 3059 liceret
409 3019 504 3081 quam
531 2997 687 3062 occidere.
705 3000 747 3062 40
762 2996 850 3080 (216)
864 2998 1069 3084 nudipedalia
1080 2998 1200 3083 populo
1212 2996 1320 3060 denn-

142 3102 238 3180 tiatis,
264 3103 385 3166 caelum
409 3105 500 3187 aprici
515 3103 708 3190 Capitolium
724 3107 884 3189 quaeritis·
902 3106 963 3169 41:
988 3104 1067 3168 haec
1083 3106 1128 3168 ita
1143 3103 1321 3167 didicimus

142 3211 233 3291 apud
255 3211 368 3294 ipsum.
394 3212 436 3273 42
462 3208 552 3292 (223)
577 3234 658 3294 quae
671 3221 777 3276 tamen
791 3207 881 3295 opud
895 3213 965 3275 illos
982 3217 1092 3275 coetus
1109 3209 1317 3274 venditantur

143 3317 170 3376 si
194 3302 429 3392 desideravem,
454 3314 583 3379 liberius
608 3317 648 3381 de
673 3320 808 3403 propriis
833 3318 911 3381 locis
935 3339 1066 3380 sumam.

186 3418 321 3482 Insolita
369 3421 491 3483 ratione
541 3421 662 3486 dictum'
697 3432 747 3487 est
785 3425 804 3487 9
844 3422 932 3504 (blllt
972 3425 1063 3506 apud
1099 3423 1321 3485 conscientias
1367 3509 1370 3516 ⁴

140 3523 278 3606 pulsare.
304 3559 344 3566 —

141 3637 355 3648 ——.

183 3677 191 3702 ¹
209 3678 245 3732 ad
263 3679 330 3733 Nat.
348 3680 387 3734 II.
409 3683 458 3736 12:
481 3683 575 3753 ,plane
593 3691 681 3738 vester
699 3684 765 3739 deus
784 3687 896 3739 omnino
908 3683 1324 3740 Satumusinterrishumanae

143 3768 283 3836 qualitatis
310 3771 384 3838 apud
409 3779 512 3825 veteres
539 3775 683 3828 memorias
708 3774 877 3828 recensetur*
896 3775 914 3827 i.
933 3792 956 3828 e.
975 3776 1002 3826 in
1021 3773 1166 3827 annalibus
1185 3779 1320 3830 vastum.

142 3856 241 3910 Paullo
259 3857 350 3911 infra:
369 3865 459 3912 exstat
476 3861 550 3927 apud
567 3861 658 3914 literas
677 3869 779 3915 vestras
797 3879 883 3932 usque
901 3879 1008 3933 quaque
1027 3861 1139 3917 Saturni
1157 3878 1265 3915 census.
1283 3891 1319 3898 -—

144 3944 180 3998 ad
197 3945 263 4000 Nat.
283 3946 308 4000 8.
327 3946 361 4000 de
379 3948 457 4000 cuius
475 3954 549 4002 statu
567 3950 641 4019 quod
659 3952 745 4005 conici
764 3958 853 4020 potest
871 3951 944 4022 apud
963 3957 1069 4005 nostras
1086 3951 1191 4005 litteras
1210 3951 1325 4004 utveri-

143 4033 231 4086 simile
249 4033 374 4088 videatur
392 4036 511 4104 positum
530 4045 578 4090 est.
597 4067 632 4074 —
