2788 4500
713 200 755 264 60

193 394 232 456 de
258 392 436 476 praeterito
471 393 490 458 2
516 390 584 474 (17)
619 392 683 458 Vis
713 402 907 479 ergoneget
930 415 964 458 se
987 399 1166 470 nocentem,
1195 397 1236 455 ut
1259 414 1325 455 eum

150 498 250 564 facias
273 501 485 577 innocentem,
502 508 533 564 et
549 500 678 585 quidem
694 503 830 565 invitum
842 502 903 566 iam
917 523 975 565 nec
987 501 1025 564 de
1032 499 1216 584 practemo
1229 519 1327 561 reum.

194 607 232 670 de
258 606 309 670 die
340 607 360 670 6
385 603 453 687 (37)
477 605 631 671 Laudatis
655 629 782 694 semper
803 609 1025 692 antiquitatem
1048 613 1080 670 et
1103 627 1187 679 nove
1215 606 1259 668 de
1282 605 1328 666 die

150 712 260 776 vivitis
284 708 318 793 (i.
341 733 368 776 e.
399 712 457 790 ,de
479 712 532 777 die
555 715 588 776 in
610 712 714 778 dicm”
740 715 793 778 vel
815 722 852 777 ut
872 715 1028 779 rationem
1048 710 1179 776 dicendi
1190 709 1328 775 Cicero·

150 821 276 912 nianam
314 839 500 902 sequamur:
552 822 602 898 ,in
634 817 750 901 dies').
785 820 867 884 Eam
901 841 971 884 esse
1006 818 1117 882 horum
1150 816 1329 881 verborum

150 925 338 988 sententiam
375 923 424 988 his
453 924 532 990 locis
556 925 679 990 collatis
703 935 855 1012 apparet:
880 925 920 990 ad
943 924 1019 992 Nat.
1042 923 1061 986 I
1084 920 1131 1005 (7)
1155 925 1278 1008 atquin
1303 935 1331 986 et

151 1029 233 1094 idem
268 1049 421 1096 vocamur
453 1037 487 1095 61
514 1033 546 1094 in
570 1031 673 1096 isdem
695 1031 885 1116 deputamur
907 1031 999 1096 etde
1021 1031 1072 1094 da
1094 1028 1329 1093 redundamus.

150 1138 171 1199 i.
195 1158 223 1200 e.
247 1137 280 1199 in
303 1134 371 1202 dies
396 1144 574 1201 nostrorum
597 1160 747 1203 numerus
770 1145 912 1224 augetur,
937 1146 970 1202 61
992 1136 1033 1202 ad
1056 1136 1129 1200 Nat.
1155 1134 1183 1198 I.
1202 1137 1274 1199 20:
1292 1133 1329 1198 de

151 1241 273 1326 legibus
308 1241 437 1327 quidem
471 1244 535 1307 iam
561 1244 799 1330 supradictum
824 1253 882 1322 est,
907 1243 993 1329 quod
1016 1265 1070 1308 eas
1093 1244 1186 1306 novis
1211 1243 1257 1306 de
1282 1242 1330 1304 die

151 1348 304 1412 consultis
338 1350 583 1434 constitutisque
617 1332 778 1414 obruistis.
804 1381 844 1394 -—
869 1349 912 1414 of.
947 1349 988 1414 de
1022 1349 1146 1413 Paenit.
1180 1349 1222 1411 12
1257 1357 1330 1425 ,aut

152 1453 235 1518 idem
258 1456 296 1518 de
318 1455 369 1518 die
392 1462 529 1540 sperent.
548 1450 555 1483 ¹

194 1561 232 1623 de
253 1562 399 1637 caracle
421 1560 506 1644 falso
530 1563 572 1626 23
596 1560 686 1644 (144)
711 1564 815 1627 iussus
839 1586 858 1627 a
881 1561 1024 1646 quolibet
1039 1559 1223 1624 Christiano
1236 1560 1326 1643 loqui

154 1667 284 1751 spiritus
319 1666 371 1730 ille
394 1673 459 1730 tam
482 1689 516 1731 se
540 1667 726 1733 daemonem
750 1667 951 1734 confitebitur
972 1669 1010 1730 de
1032 1687 1227 1750 veroquam
1252 1664 1327 1729 alibi

152 1771 248 1836 deum
270 1773 308 1836 de
330 1772 424 1855 falsa
450 1770 505 1853 (cf.
529 1797 591 1840 van
614 1775 673 1840 der
694 1775 805 1842 Vliet:
830 1773 1035 1858 StudEccl.
1059 1795 1090 1857 p.
1115 1769 1181 1852 37).
1266 1759 1270 1763 ¹

197 1877 332 1943 Insolita
365 1881 487 1943 ratione
521 1888 738 1945 constructum
773 1890 822 1945 est
853 1880 986 1945 verbum
1013 1876 1159 1954 „curare”
1187 1899 1266 1940 cum
1291 1878 1326 1938 de

152 1986 386 2070 praepositione
420 2006 477 2070 pro
511 1984 710 2050 Accusativo
745 2007 836 2051 casu:
871 1987 914 2050 39
950 1982 1040 2066 (204)
1064 1983 1153 2061 Quid
1176 1986 1265 2048 enim
1290 1985 1326 2046 de

151 2091 297 2154 castitate
319 2097 483 2173 curarent,
507 2113 602 2175 quam
625 2094 729 2155 mariti
752 2100 817 2155 tam
837 2091 932 2156 facile
947 2090 1154 2156 donaverant.
1172 2091 1213 2153 31
1230 2085 1324 2170 (176)

151 2195 238 2273 Quid
273 2218 348 2281 crgo
377 2198 538 2282 putaveris
574 2196 652 2261 nihil
686 2219 744 2261 nos
779 2199 816 2262 de
850 2197 950 2262 salute
986 2197 1157 2261 Caesarum
1192 2217 1323 2258 curare.

151 2302 351 2388 Opponitur=
373 2305 533 2388 aepleyere
555 2302 619 2366 DE
641 2302 685 2367 of.
710 2303 802 2368 intra.

193 2409 245 2472 Ex
266 2409 356 2473 libris
384 2409 445 2490 ,ad
466 2407 641 2474 Nationes”
667 2409 746 2475 haec
770 2432 896 2495 quoque
920 2431 995 2473 usus
1016 2407 1092 2486 „de”
1112 2411 1324 2493 praepositio

150 2517 199 2578 nis
234 2537 254 2578 a
286 2515 370 2580 bona
404 2515 559 2580 latinitate
593 2515 687 2580 alieni
722 2515 867 2601 exempla
901 2514 1100 2599 collegimus:
1131 2513 1159 2577 Ι.
1186 2515 1204 2577 7
1230 2511 1324 2593 (286)

149 2621 260 2686 Habet
293 2621 422 2707 quidem
456 2621 576 2707 mande
611 2621 854 2687 fundamentum
877 2624 914 2686 de
937 2624 1015 2685 vitio
1039 2622 1158 2704 ingenii
1181 2619 1324 2695 humani,

149 2727 275 2793 felicius
310 2730 345 2792 in
378 2728 502 2793 acerbis
536 2727 760 2812 atrocibusque
791 2729 951 2792 mentitur.
981 2726 1009 2790 I.
1035 2728 1054 2793 8
1079 2722 1169 2807 (294)
1194 2724 1263 2789 Sed
1287 2727 1323 2789 de

149 2836 374 2921 superstitione
397 2836 526 2899 tertium
548 2855 647 2918 genus
671 2832 870 2918 deputamur,
894 2855 959 2898 non
981 2835 1019 2896 de
1042 2833 1180 2908 natione,
1205 2837 1240 2892 ut
1258 2833 1321 2893 sint

147 2939 294 3018 Romani,
328 2940 449 3013 Iudaei,
487 2939 601 3004 dehinc
636 2937 754 3003 Christ
732 2941 820 3004 trani.
852 2938 881 3003 1.
906 2935 1040 3019 8(292)
1064 2938 1225 3002 Psammet
1225 2937 1321 3000 ichus
1373 2975 1374 3000 t

148 3045 276 3131 quidem
299 3049 427 3132 putavit
449 3045 570 3111 sibide
580 3042 690 3128 (,sibi
706 3044 765 3110 de”
786 3045 1020 3122 Gothotredus;
1043 3045 1118 3123 ,tibi
1135 3067 1169 3108 se
1175 3043 1240 3107 ”A
1253 3033 1374 3122 ab)
1373 3103 1374 3110 ,

146 3153 275 3237 ingenio
298 3154 443 3238 explorat
444 3175 495 3216 um
521 3173 591 3216 esse
615 3151 656 3216 de
680 3154 906 3238 primogenitis,
930 3152 1003 3216 Ι.9
984 3149 1111 3233 9(297)
1128 3149 1267 3228 Quodsi,
1287 3160 1374 3218 ut
1373 3123 1374 3186 1

146 3281 227 3323 unus
251 3266 346 3345 atque
370 3258 450 3322 alius
473 3260 663 3323 vanissimus
687 3259 741 3336 ait,
766 3258 885 3322 idcirco
908 3259 1000 3322 vobis
1024 3280 1149 3342 quoque
1173 3259 1320 3320 irascun-
1372 3319 1374 3358 4

146 3372 206 3442 tur,
239 3366 392 3449 quoniam
423 3365 461 3428 dc
492 3372 600 3428 nostra
632 3362 781 3428 eradicat
759 3373 845 3428 t1one
868 3365 1039 3448 negligitis,
1063 3363 1243 3427 absolutum
1269 3371 1319 3425 est
1373 3359 1374 3450 )

148 3471 185 3533 de
219 3471 399 3534 infirmitate
434 3477 467 3534 et
500 3469 719 3534 mediocritate
754 3493 872 3535 eorum.
905 3470 933 3534 I
970 3472 1010 3534 10
1043 3467 1142 3551 (303)
1158 3491 1254 3533 senex
1280 3470 1318 3531 aa
1373 3453 1374 3472 ¹

145 3573 292 3653 Saturne,
316 3575 470 3640 imberbis
494 3577 532 3640 de
555 3575 715 3662 Apolline,
740 3579 830 3662 virgo
854 3576 893 3640 de
916 3577 1023 3641 Diana
1044 3577 1204 3661 figuratur.
1225 3575 1253 3637 I
1275 3575 1313 3637 14

145 3677 235 3762 (315)
272 3679 353 3745 Sunt
385 3704 482 3768 penes
507 3704 564 3746 vos
589 3691 621 3745 et
644 3685 758 3746 canino
783 3684 887 3768 capite
911 3690 943 3746 et
965 3682 1091 3746 leonino
1115 3691 1146 3745 et
1169 3683 1207 3744 de
1230 3681 1374 3745 bovo
1372 3713 1374 3758 l

145 3795 177 3850 61
210 3788 248 3851 de
282 3789 379 3851 ariete
412 3795 443 3852 61
474 3787 562 3852 hirco
586 3790 709 3852 comuti
734 3788 788 3852 dii.
811 3787 831 3850 Ι
856 3789 896 3852 18
921 3785 1011 3869 (326)
1036 3787 1188 3852 Contenti
1162 3795 1312 3868 1661616
1373 3769 1374 3852 ἶ

181 4021 188 4048 ¹
207 4023 355 4077 aanor.
374 4023 410 4077 ad
428 4022 488 4076 Liv.
507 4022 602 4076 XXV.
622 4023 665 4076 28.
685 3977 908 4077 Ηαηι1Τιιιε611.
928 4023 966 4077 Π.
986 4041 1012 4092 p.
1032 4023 1092 4076 205.
