2788 4500
678 239 741 301 29·

106 432 252 496 detersit.
279 433 322 495 16
344 428 412 513 (58)
441 433 594 516 sequitur*
606 440 641 495 ut
664 430 776 496 eadem
795 433 920 496 ratione
944 454 1002 516 pro
1025 433 1095 496 aliis
1108 438 1284 500 nonsacri·

104 539 250 617 ficamus,
286 541 361 623 quia
394 560 454 603 nec
489 561 547 624 pro
582 538 675 603 nobis
710 540 799 623 ipsis,
835 539 933 602 semel
963 538 1042 603 deos
1066 562 1130 604 non
1154 543 1283 606 colendo
1335 545 1339 555 '

106 642 180 730 (pro
208 642 318 728 ,quia”
343 643 364 707 l.
389 667 452 728 qua
474 643 517 708 of.
542 667 607 709 van
627 643 685 708 der
699 643 809 709 Vliet:
826 642 873 707 St.
890 643 980 708 Eccl.
997 667 1049 729 pg.
1068 643 1133 727 35).
1155 648 1192 710 ll
1212 645 1281 730 (63)

105 750 259 814 Ceterum
291 752 319 813 si
350 772 443 814 namo
476 757 562 814 esset
583 752 648 834 -qui
674 749 752 814 deos
781 749 913 828 faceret,
936 749 1057 814 'frustra
1078 756 1282 837 praesumitis

104 855 185 921 deos
215 856 319 920 factos
346 855 523 938 auferendo
547 851 712 920 factorem.
738 852 980 935 ratramus
1005 879 1070 921 non
1095 866 1166 923 erat
1186 883 1282 944 quem

102 963 201 1026 homo
235 960 399 1026 consultus
429 955 584 1026 noluisset
611 972 643 1026 et
674 963 811 1026 00101010
842 961 1035 1028 damnasset.
1075 964 1288 1034 Domesticos,

103 1069 195 1148 deos,
226 1090 306 1154 quos
338 1067 438 1153 Lares
468 1067 585 1146 dicitis,
618 1067 795 1162 domestica
819 1075 977 1153 potestate
1001 1073 1145 1135 tractatis
1168 1073 1280 1155 piprae·

104 1177 220 1258 rande,
250 1175 454 1248 concidenda,
486 1176 693 1254 (1001010010,
729 1174 899 1259 aliquando
934 1177 968 1239 in
1000 1177 1206 1242 caccabulum
1239 1179 1280 1244 dc

102 1280 252 1358 Satmno,
277 1280 447 1365 aliquando
470 1264 511 1344 in¹
526 1281 653 1345 trullam
676 1280 717 1345 de
740 1281 898 1359 Minerva,
921 1290 956 1344 ut
973 1285 1107 1366 quisque
1123 1287 1279 1348 contritus

101 1397 201 1472 atque
247 1395 399 1452 contusus
435 1395 493 1465 est,
524 1370 605 1451 'dum
640 1385 695 1450 diu
731 1388 853 1466 colitur,
889 1396 923 1451 ut
961 1391 1095 1474 quisque
1130 1389 1278 1454 dominus

102 1496 296 1558 sanctiorem
316 1500 465 1579 expertus
482 1500 531 1557 est
547 1492 756 1558 domesticam
771 1495 1005 1558 necessitatem.
1023 1491 1276 1578 (,demutando''

100 1599 196 1663 abest
227 1599 355 1677 Oxon.;
389 1601 527 1664 coniecit
550 1621 614 1664 van
638 1598 695 1664 der
718 1591 811 1665 Vliet
833 1598 928 1678 (stud.
952 1600 1042 1666 Ecol.
1065 1625 1117 1686 pg.
1144 1603 1197 1678 36)
1224 1611 1276 1681 ,ut
1332 1594 1341 1605 ’

100 1707 238 1790 quisque
271 1706 417 1775 dominus
441 1706 663 1789 oppositorem
688 1713 837 1789 expertus
861 1713 910 1769 001
933 1705 1141 1773 domesticam
1165 1731 1276 1774 neces·

101 1808 266 1896 011010111.)
299 1815 338 1877 15
358 1807 436 1896 (86)
459 1811 530 1889 Iam
554 1811 682 1896 quidem
706 1812 846 1896 intellegi
870 1811 1014 1877 subiacet
1038 1817 1180 1879 veritatis
1204 1838 1275 1880 esse

99 1919 241 1983 cultores
271 1921 325 2004 qui
355 1918 530 1983 mendaciis
560 1942 624 1983 non
656 1921 729 1997 sint,
755 1940 814 1982 nec
837 1940 941 1982 errare
965 1921 1100 2005 amplius
1123 1924 1157 1985 in
1180 1945 1217 1986 eo
1242 1924 1274 1986 ‘m
1339 1941 1345 1946 ’

99 2048 166 2110 quo
189 2022 323 2090 'errasse
358 2047 392 2089 se
426 2013 674 2108 recognoscendo
710 2033 926 2089 cessaverunt.
958 2027 997 2089 19
1028 2025 1123 2108 (113)
1148 2026 1274 2093 Verum

99 2130 231 2196 differre
262 2139 412 2217 praestat,
447 2131 499 2196 vel
526 2154 566 2202 ne
597 2134 700 2195 minus
741 2153 969 2218 persequamur
1002 2133 1188 2215 festinando
1223 2137 1274 2200 vel

99 2239 222 2302 diutius
247 2261 419 2323 evagemur
431 2239 660 2322 persequendo,
678 2240 719 2302 21
734 2239 826 2319 (125)
840 2239 977 2323 primum
988 2261 1052 2302 non
1063 2239 1274 2324 ‘iratellependo

99 2341 221 2430 (Lugd.
252 2344 290 2408 H
320 2344 426 2423 habet,
458 2338 721 2430 intellegendum)
746 2344 930 2422 secundum,
956 2361 1050 2429 quem
1073 2346 1273 2410 manifestius

97 2450 320 2536 praedicatum
342 2456 480 2538 sperant,
498 2473 604 2515 ¹unum
617 2454 887 2516 existimaverunt.
913 2453 953 2514 21
969 2449 1272 2533 (1321Ε1000111111

98 2555 188 2640 quod
201 2539 318 2620 aliuda
331 2579 365 2621 se
377 2557 439 2622 coli
450 2556 530 2622 dicit
542 2581 636 2642 quam
652 2558 737 2636 colit,
754 2541 849 2642 negat
865 2557 951 2641 quod
967 2559 1052 2638 colit,
1070 2567 1102 2623 01
1117 2560 1272 2624 culturam

96 2671 130 2726 et
153 2661 307 2726 honorem
329 2665 363 2725 in
386 2663 519 2727 alterum
541 2648 693 2728 transfert
717 2673 749 2728 et
772 2664 996 2747 transferendo
1020 2667 1082 2728 iam
1106 2687 1169 2729 non
1196 2667 1272 2730 colit

96 2767 186 2853 quod
209 2771 347 2851 negavit.
372 2771 414 2834 21
439 2771 529 2852 (133)
555 2771 698 2836 Licuerit
720 2780 753 2836 et
775 2770 904 2835 Christo
926 2774 1131 2835 commentari
1154 2772 1271 2836 divini-

95 2884 207 2954 tatem,
230 2897 298 2939 rem
321 2872 490 2962 propriam,
515 2899 578 2942 non
602 2901 666 2963 qua
687 2880 812 2962 rupices
837 2885 870 2940 et
892 2877 997 2943 adhuc
1021 2878 1107 2942 feros
1126 2879 1271 2944 homines

95 2963 294 3046 multitudini
317 2990 365 3046 tot
387 2985 552 3046 numinum
576 2982 839 3048 demerendorum
866 2987 1017 3050 attonitos
1042 2986 1206 3068 efficiendo
1230 2986 1270 3051 ad

95 3089 327 3152 humanitatem
359 3096 565 3175 temperarem
600 3090 642 3176 23
675 3085 766 3173 (144)
797 3090 910 3173 Aeque
940 3091 1134 3177 producatur
1156 3092 1270 3176 aliquis

96 3219 139 3259 ex
162 3195 211 3258 his
236 3197 290 3279 qui
313 3194 354 3259 de
377 3194 438 3258 deo
462 3198 528 3281 pati
552 3197 782 3274 existimantur,
807 3199 860 3280 qui
885 3199 947 3262 aris
963 3183 1140 3261 inhalantes
1154 3220 1271 3261 numen

97 3301 141 3366 de
163 3300 274 3365 nidore
298 3303 493 3386 concipiunt,
511 3303 563 3386 qui
582 3305 739 3367 ructando
756 3303 954 3379 (ructuando.
971 3303 1084 3378 Fuld.;
1100 3301 1268 3388 raptando.

97 3403 204 3492 Lugd.
234 3406 264 3487 Ι)
296 3415 455 3485 curantur,
488 3410 543 3491 qui
566 3410 748 3473 arthelundo
769 3410 963 3495 praefantur.
989 3409 1031 3487 23
1049 3404 1151 3492 (150)
1175 3432 1270 3494 quam
1391 3461 1392 3488 ,

96 3515 269 3602 plurimum
291 3514 354 3578 illis
377 3513 532 3578 crederrdo
559 3517 592 3578 in
616 3515 744 3580 Christo
768 3516 896 3580 domino
920 3514 1089 3578 credimus.
1115 3517 1157 3579 24
1181 3516 1274 3594 (152)·

96 3625 147 3686 At
175 3644 193 3685 e
221 3622 379 3685 contrario
411 3623 444 3684 in
476 3642 534 3684 vos
562 3621 765 3707 exprobratio
791 3620 966 3698 resultabit,
991 3624 1046 3705 qui
1068 3623 1269 3712 mendacium
1391 3623 1392 3676 l

96 3729 240 3793 colentes
264 3749 372 3791 veram
395 3728 580 3812 religionem
607 3731 675 3793 veri
699 3727 751 3792 dei
775 3751 839 3792 non
862 3726 956 3792 modo
981 3730 1169 3813 neplependo
1193 3734 1269 3816 quin

96 3837 229 3920 insuper
251 3836 467 3917 erpapnundo
491 3837 524 3898 in
546 3857 658 3899 verum
681 3836 877 3899 committitis
901 3832 1021 3899 crimen
1045 3859 1139 3900 verae
1162 3838 1269 3902 inreli·
1363 3901 1365 3908 ,
1391 3827 1392 3882 Ῐ

96 3942 265 4026 giositatis.
297 3943 339 4004 25
371 3939 463 4020 (160)
488 3939 540 4004 die
564 3963 648 4004 nono
671 3940 879 4006 kalendarum
902 3941 1084 4021 earundem,
1109 3965 1172 4027 quo
1196 3967 1269 4007 san·
1391 3995 1392 4008 ,

1 4088 10 4133 ,
95 4049 227 4133 guinem
246 4049 394 4133 inpurum
413 4047 549 4112 lacertos
566 4070 691 4132 quoque
704 4050 876 4112 castrando
889 4047 1017 4112 libabat.
1032 4050 1073 4112 25
1088 4050 1175 4124 (164.
1192 4046 1268 4132 165)
1391 4021 1392 4064 ³
