2808 4492
670 223 732 287 158

114 448 191 491 vero
224 424 371 489 bifariam
406 423 623 487 Romanorum
655 420 733 485 deos
756 419 1021 502 recopnoscimns,
1046 438 1237 482 communes
1266 425 1306 480 et
1401 433 1402 478 1

114 534 269 619 propriae,
295 552 363 615 sqq.
979 523 982 528 ’

158 633 344 702 Reddere
372 632 652 700 testimonium
687 635 764 697 satis
796 633 970 695 insolenter
999 629 1115 710 dicitur
1148 630 1189 692 14
1221 627 1304 711 (80)

114 747 250 810 rescissa
284 742 445 807 damnatio
474 742 700 811 testimoninm
723 738 847 803 Socrati
871 737 1020 814 reddidit,
1044 738 1099 800 ie:
1123 735 1305 804 Socratem

113 851 318 914 innocentem
341 849 447 931 fnisse
468 849 618 912 ostendit.

159 953 328 1019 Referre
370 951 513 1031 vicem,
549 955 591 1017 37
635 949 725 1033 (191)
763 951 848 1015 Item
884 953 910 1014 si
941 951 1019 1014 laesi
1043 950 1145 1012 oicern
1166 949 1306 1032 referre

116 1060 329 1146 prohibemur,
354 1083 394 1124 ue
418 1059 459 1124 de
483 1059 571 1124 facto
594 1082 687 1144 pares
707 1061 815 1136 simus,
841 1079 935 1143 quem
958 1078 1127 1142 possumus
1140 1055 1306 1120 laedere?

117 1167 170 1231 ef.
206 1167 305 1232 iufra:
341 1188 522 1250 repensare.
558 1165 621 1252 Ov-
649 1189 678 1230 a.
703 1189 730 1230 a.
759 1167 786 1228 1.
809 1165 884 1242 370,
907 1171 944 1226 ut
966 1172 1054 1249 puto,
1082 1185 1145 1227 non
1169 1166 1306 1247 poteris

116 1276 186 1358 ipsa
208 1273 329 1356 referre
348 1275 459 1337 nioern.

160 1376 397 1443 Reformare
423 1405 466 1432 =
488 1385 626 1454 recitare,
639 1379 885 1462 transformare,
903 1376 1145 1459 transfipnrare,
1160 1397 1308 1455 sanare,
1402 1385 1403 1450 ζ

119 1485 162 1548 48
198 1482 288 1566 (251)
324 1484 440 1548 Multis
467 1488 561 1549 etiam
582 1487 661 1549 iocis
685 1508 726 1549 ex
749 1487 814 1549 otio
837 1506 917 1569 opus
941 1485 1011 1562 erit,
1041 1485 1067 1546 si
1092 1482 1227 1546 velimus
1257 1484 1309 1547 ad

117 1590 199 1653 hanc
222 1598 344 1675 partem
369 1591 527 1670 lascivire,
542 1593 613 1676 quis
629 1587 664 1653 in
675 1613 770 1674 quam
782 1590 918 1654 bestiam
929 1589 1107 1672 reformari
1118 1587 1309 1655 videretur.

118 1696 169 1760 Cf.
204 1697 245 1760 47
284 1694 373 1777 (246)
409 1699 456 1761 sio
488 1705 521 1761 et
552 1696 592 1762 de
628 1699 751 1762 animae
773 1705 868 1774 statu,
893 1717 987 1780 quam
1015 1695 1068 1759 alii
1089 1694 1240 1758 divinam
1268 1707 1312 1760 et

14 1842 18 1851 ·
117 1809 287 1880 aeternam,
323 1803 376 1866 alii
412 1802 633 1868 dissolubilem
667 1802 874 1884 contendunt,
903 1810 939 1865 ut
963 1804 1034 1887 quis
1059 1803 1167 1878 sensit,
1192 1803 1242 1864 ita
1268 1813 1312 1866 et

118 1908 224 1972 intulit
248 1917 302 1971 aut
324 1909 527 1992 reformarit.
551 1910 606 1974 Ad
628 1910 718 1973 Nati.
735 1910 763 1973 Ι.
786 1911 807 1973 4
833 1906 922 1989 (281)
936 1908 1060 1971 mulieri
1073 1930 1135 1971 non
1148 1910 1314 1991 permisit

119 2017 153 2078 in
185 2015 298 2078 melius
332 2016 520 2098 reformari.
550 2016 597 2083 V.
621 2015 698 2082 Val.
723 2016 811 2079 Max.
846 2018 875 2079 5.
897 2017 942 2079 5:
966 2037 1038 2079 cum
1061 2014 1312 2080 Themistocles

118 2123 224 2184 ruinas
248 2124 369 2206 patriae
393 2124 426 2185 in
450 2124 618 2208 pristinum
642 2123 784 2187 habitum
807 2122 1014 2205 reforrnaret3
1038 2122 1114 2205 Dig.
1139 2121 1277 2184 49.1.1
1301 2147 1312 2188 :

120 2231 293 2292 sententias
329 2231 361 2292 in
379 2231 470 2314 peius
491 2215 687 2313 refornaare3
713 2231 798 2316 App.
823 2231 903 2294 Met.
926 2233 956 2294 9.
981 2253 1011 2315 p.
1035 2229 1110 2292 217.
1131 2226 1311 2314 271111110-

121 2337 194 2399 sitio
215 2335 321 2400 fatalis
345 2335 476 2400 divinae
500 2337 720 2422 providentiae
741 2337 907 2401 reformari
928 2358 991 2400 non
1013 2342 1129 2421 potest.

163 2441 357 2524 Refornaare
387 2468 430 2496 =
452 2444 489 2506 de
513 2435 596 2508 novo
618 2443 763 2526 forneare
786 2444 828 2506 48
854 2440 943 2524 (255)
969 2443 1074 2506 omnia
1097 2440 1137 2504 de
1160 2441 1310 2506 interitu

117 2548 353 2631 reformantur.

162 2651 431 2732 Reluminare,
456 2658 496 2719 21
523 2653 614 2736 (126)
638 2679 711 2720 cum
734 2653 786 2719 ille
810 2656 909 2720 verbo
933 2655 1101 2719 daemonia
1123 2653 1163 2717 de
1186 2653 1307 2718 homi-

119 2758 212 2822 nibus
245 2768 417 2836 excuteret,
442 2782 556 2825 caecos
578 2762 802 2849 retnnzinqret,
828 2783 898 2845 sqq.
923 2760 1039 2824 Tribus
1063 2768 1186 2824 tautum
1209 2758 1306 2826 locis

118 2866 179 2929 hoc
215 2866 346 2930 verbum
381 2869 413 2930 in
449 2867 536 2931 Tert.
573 2870 700 2953 scriptis
735 2870 891 2953 reperitur
925 2876 957 2930 et
980 2868 1095 2952 legitur
1117 2869 1212 2930 etiam
1240 2891 1304 2954 ap.

119 2971 242 3036 Paulin.
267 2973 340 3037 Nol.
365 2996 416 3059 ep.
442 2975 494 3038 30.
519 2976 549 3037 4.

163 3077 447 3157 RemunerarQ
471 3083 513 3145 46
539 3079 628 3162 (233)
652 3081 801 3166 Plerique
825 3083 920 3145 etiarn
943 3083 976 3144 in
1000 3082 1160 3166 principes
1173 3080 1309 3147 latrant

119 3187 348 3250 sustinentibus
372 3188 475 3266 vobis
500 3196 531 3250 et
555 3187 680 3252 facilius
705 3191 816 3252 statuis
841 3196 873 3252 et
895 3189 1016 3252 salariis
1033 3193 1310 3252 remunerantur

119 3315 213 3377 quam
237 3293 278 3356 ad
300 3293 419 3358 bestias
444 3297 696 3380 pronuntiantur.

164 3397 413 3465 Renuntiare
437 3427 479 3454 =
502 3403 684 3485 repudiare,
708 3404 866 3481 abdicare,
892 3403 933 3465 38
959 3399 1049 3483 (197)
1066 3402 1180 3484 Aeque
1195 3422 1307 3484 spec-

120 3506 233 3569 taculis
265 3509 380 3570 vestris
416 3510 449 3570 in
480 3515 603 3571 tantum
625 3511 859 3573 rennmiannes
882 3511 915 3572 iu
939 3516 1091 3592 quantum
1115 3507 1308 3590 originibus

119 3595 237 3690 eorurn,
261 3635 331 3697 sqq.

60 3698 67 3712 ’
163 3716 397 3799 Repensare
431 3747 474 3774 =
508 3743 714 3805 conpensare
748 3724 876 3806 aliquid
908 3743 983 3786 ciera
1012 3723 1126 3804 aliqua
1158 3741 1203 3798 re,
1225 3743 1311 3805 par

114 3825 195 3905 pari
216 3826 345 3906 referre,
372 3828 412 3891 37
439 3824 528 3907 (192)
552 3827 641 3904 Quid
663 3837 771 3894 tamen
792 3829 832 3892 de
855 3837 921 3892 tam
936 3830 1126 3914 conspiratis
1139 3849 1310 3910 umquam

121 3927 305 4007 denotastis,
341 3931 381 3994 de
416 3941 481 3994 11111
505 3934 650 3996 animatis
675 3935 715 3998 ad
738 3943 871 3998 mortem
895 3957 996 4019 usque
1020 3941 1077 4020 pr'o
1101 3935 1215 3997 11111111
1243 3958 1308 4000 re-

114 4039 301 4114 pensatione.
326 4035 377 4099 Ct.
403 4037 471 4100 Col.
498 4039 527 4100 3.
553 4040 582 4100 2.
611 4040 665 4114 15;
690 4040 777 4106 Vell.
803 4045 832 4105 2.
861 4043 910 4105 12.
937 4044 955 4105 5
980 4041 1064 4105 bona
1087 4042 1178 4105 malis
1201 4063 1309 4129 rep.;
