2788 4500
1 4047 28 4126 e'l

668 197 709 260 27

90 449 94 458 ,
142 387 366 472 Porlicrpiam
395 409 553 472 praescias
579 411 643 474 pro
669 392 833 456 sententio
854 392 1088 456 conditionali:
1115 392 1157 455 50
1182 389 1276 473 (261)

93 502 207 558 tamen
230 502 263 558 et
284 493 456 579 proeliatur
479 494 625 559 omnibus
648 496 770 560 viribus
794 505 826 562 et
838 498 965 561 riaceas
976 499 1010 560 in
1022 497 1143 582 proelio
1154 495 1276 582 gaudet

94 601 152 682 qui
185 599 226 663 de
250 601 370 685 proelio
393 600 601 684 querebatur3
626 600 771 684 (vincens
794 629 837 656 =
860 606 888 667 si
911 604 1013 667 vincit
1036 602 1087 666 vel
1109 601 1225 682 vicit).

140 704 367 789 Porticepiam
388 727 546 788 praesens
564 730 628 792 pro
650 710 813 773 sententio
835 709 935 791 firmli
944 711 986 774 :9
1002 707 1071 790 (52)
1086 712 1273 794 sanguinem

95 819 269 896 exceptum
292 810 388 875 avida
411 813 464 875 siti
488 815 639 878 comitiali
662 815 773 880 morbo
797 817 954 880 medentes
976 815 1149 880 hauserunt
1169 813 1223 898 (=
1239 827 1275 880 ut

95 917 252 981 comitiali
273 917 385 982 morbo
409 912 634 1004 mederentur.)

143 1023 368 1107 Porticipiarre
400 1023 559 1107 [utrarum
587 1050 651 1113 pro
685 1028 846 1093 sententio
882 1029 1035 1110 radolium·
1069 1032 1080 1068 1
1120 1032 1174 1114 qui
1198 1051 1278 1093 usus

96 1161 156 1223 per
190 1137 230 1202 T.
269 1138 398 1204 Livium
431 1145 464 1199 et
486 1138 656 1222 praecipue
680 1159 738 1222 per
760 1135 907 1200 Tacitum
930 1137 1030 1220 magis
1053 1137 1217 1220 magisque
1241 1138 1274 1198 in

96 1247 289 1310 latinitatem
323 1247 461 1330 irrepsit.
499 1246 546 1307 1⁰.
570 1243 792 1326 Porticrpium
813 1243 852 1305 ia
877 1275 917 1285 -
941 1263 1025 1306 rcrrrs
1048 1243 1135 1306 oelrd
1153 1242 1275 1325 portio.

96 1352 179 1416 For.
226 1353 378 1416 seorradi:
410 1353 464 1414 ⁴21
513 1347 603 1431 (125)
638 1350 689 1414 Ne
722 1351 806 1414 enim
841 1348 1062 1432 intellegerent
1095 1349 1278 1433 pristinum,

96 1459 268 1537 credituri,
294 1460 321 1522 si
337 1459 578 1536 intellexissent,
595 1465 627 1521 et
639 1457 844 1520 consecuturi
855 1457 998 1532 salutem,
1012 1456 1040 1518 si
1052 1453 1277 1532 credidissent,

95 1564 248 1626 meritum
282 1562 344 1626 fuit
379 1563 530 1628 delictum
554 1542 662 1627 eorum
687 1558 730 1641 (h.
754 1584 781 1626 e.
807 1563 861 1646 qui
885 1559 1106 1639 credidissent,
1130 1563 1157 1624 si
1181 1561 1273 1624 intel·

94 1670 254 1732 lexissent
276 1677 308 1732 et
331 1671 496 1733 consecuti
518 1677 627 1732 essent
649 1668 792 1745 salut-em,
817 1668 845 1730 si
868 1665 1102 1749 credidissent.)
1127 1667 1168 1731 26
1182 1664 1274 1748 (166)

96 1775 268 1839 Postremo
292 1777 320 1839 si
342 1775 506 1840 Romanae
529 1776 698 1860 religiones
711 1796 809 1858 regna
821 1782 992 1859 praestant,
1004 1797 1176 1859 numquam
1189 1782 1274 1838 retro

98 1880 226 1945 Judaea
248 1890 423 1966 regnasset,
448 1884 538 1947 cuius
562 1889 595 1945 et
617 1880 712 1945 deum
736 1883 874 1945 victimis
898 1888 931 1944 et
950 1882 1103 1966 templum
1126 1880 1218 1946 donis
1242 1889 1274 1944 et

100 1995 231 2071 gentem
265 1986 449 2051 foederibus
485 1985 679 2071 aliquamdiu
712 1986 849 2050 Romani
882 1985 1072 2065 honorastis
1102 2009 1274 2072 numquam

98 2095 311 2158 dominatori
343 2096 421 2171 eius,
458 2096 484 2157 si
519 2093 580 2158 deo
615 2115 678 2156 non
711 2093 898 2177 deliquisset
920 2093 1031 2157 ultimo
1054 2095 1086 2157 in
1111 2092 1273 2156 Christum

99 2198 157 2279 (=
181 2201 235 2284 qui
258 2222 430 2284 numquam
453 2199 606 2264 dominati
630 2197 766 2281 essetis).

147 2307 199 2369 2⁰.
236 2307 457 2390 Porticipicrm
486 2307 564 2370 For.
588 2307 697 2392 priori
719 2307 761 2370 45
787 2303 877 2388 (231)
901 2309 1073 2390 recogitate
1097 2308 1192 2370 etiam
1215 2327 1276 2390 pro

99 2414 259 2477 brevitate
283 2413 432 2498 supplicii
447 2412 626 2491 cuiuslibet,
640 2435 703 2476 non
715 2420 821 2477 tamen
833 2413 916 2477 ultra
928 2420 1060 2476 mortem
1073 2413 1276 2476 remansuri?

4 2586 6 2594 ,
97 2518 142 2600 (h.
169 2541 196 2584 e.
222 2519 308 2602 quod
330 2521 498 2604 nonmtra
522 2527 654 2583 m01tem
677 2517 875 2601 remanebit.)
905 2522 918 2559 ²

581 2748 794 2762 --.-.-.,-

478 2949 545 3015 nn
581 2930 898 3051 enauumvo,

143 3189 367 3256 Gerrmdivum
379 3193 497 3255 sensim
509 3192 723 3277 paulatimque
737 3193 828 3256 afine
841 3191 959 3256 saeculi
971 3192 1055 3254 tertii
1068 3189 1275 3274 significatio·

6 3366 8 3370 ,
96 3319 172 3360 nem
217 3299 376 3382 participii
422 3297 523 3360 futuri
568 3299 690 3382 passivi
735 3300 898 3384 accepisse
934 3299 1010 3361 satis
1057 3303 1168 3364 notum
1210 3303 1271 3358 est.

138 3568 201 3622 ¹ef.
230 3567 264 3622 de
290 3567 342 3622 hoc
370 3585 422 3622 usu
450 3567 525 3638 apud
552 3569 582 3623 T.
611 3568 736 3624 Livium:
764 3569 897 3624 Kouma.
926 3568 1116 3638 Livian-Synt.
1145 3586 1171 3639 p.
1202 3568 1269 3632 aab

3 3617 11 3642 Ἰν
96 3657 237 3710 Rieraoaa
255 3656 346 3710 Etude
364 3674 411 3710 sur
423 3657 451 3710 la
468 3657 568 3727 langue
586 3664 614 3712 et
633 3657 660 3712 la
676 3675 715 3728 gr:
735 3657 769 3711 de
787 3659 817 3712 T.
837 3658 904 3711 Live
921 3657 993 3727 App.
1014 3656 1030 3723 ᾗ
1050 3658 1085 3711 50
1094 3674 1140 3727 pg.
1150 3657 1271 3726 2263ap.

9 3795 11 3801 .
96 3747 240 3800 Tacitum:
272 3747 418 3799 Goatrelle:
447 3746 572 3800 Gramm.
600 3753 627 3800 et
645 3747 715 3816 style
733 3747 768 3800 de
785 3747 879 3802 Tacite
901 3746 975 3814 §56;
995 3747 1029 3801 cl.
1047 3763 1139 3816 porro:
1159 3745 1272 3799 Kilboer

4 3867 16 3914 4
97 3834 129 3887 II
150 3851 178 3904 p.
200 3834 268 3897 569;
286 3834 411 3901 Droeper.
431 3851 476 3905 pg.
497 3835 561 3899 7253
580 3835 662 3888 Neo.
682 3835 742 3888 Lat.
762 3835 954 3890 Formenlehre
974 3836 1012 3889 H.
1031 3853 1057 3906 p.
1077 3835 1141 3899 3793
1164 3835 1273 3888 Goelzer

0 3983 1 3988 ,
98 3941 126 3992 p-
146 3923 209 3983 389.
228 3923 244 3976 3
263 3923 364 3978 A.B.C.

137 4021 146 4048 ²
169 4013 214 4065 De
232 4012 387 4082 Participiis
400 4029 486 4082 praes.
498 4014 549 4068 lut.
560 4013 627 4082 peri.
638 4030 687 4084 pro
697 4012 874 4068 substantivis
884 4015 1022 4084 usurpatis
1032 4013 1183 4068 videbimus
1193 4012 1275 4068 iufra.
