2808 4492
698 199 739 259 90

133 394 288 480 exempla,
312 416 393 478 quac
417 392 545 476 collegit
567 391 756 474 Pelscbcuip
789 388 913 472 „Iudex
936 413 974 468 ru
999 388 1115 456 Victor
1138 409 1203 452 von
1226 385 1307 450 Vita

134 526 164 588 p.
203 503 273 566 145.
301 509 333 564 et
368 499 503 562 Corsseri
542 496 724 574 „Kritische
746 495 947 580 Nachtriige'’
974 518 1005 580 p.
1030 483 1108 559 276.
1138 496 1149 533 ¹
1195 493 1306 555 Maior

133 614 220 672 actas
244 633 286 660 =
308 608 442 670 maiores
469 612 554 668 natu.
578 605 597 668 9
622 600 688 683 (48)
725 603 835 666 Maior
857 607 945 666 aetas
968 598 1054 686 apud
1077 598 1190 663 Gallos
1215 599 1306 662 Mer-

134 717 223 778 curio
245 720 438 798 prosecatur.
464 712 483 773 9
510 706 576 792 (50)
600 708 700 772 Ferro
724 710 808 772 enim
830 710 910 771 mori
933 714 1021 771 actas
1045 727 1172 790 quoque
1198 703 1306 768 ruaior

135 821 302 906 optaverit.
331 817 484 882 Oustodia
507 842 549 870 =
573 819 605 893 ii,
630 817 683 899 qui
706 816 740 878 in
763 812 909 878 custodia
932 814 1041 877 snnt9
1060 811 1127 892 (54)
1145 811 1307 892 elatique

136 947 199 988 nou
223 924 349 987 deesset
372 922 464 987 vobis
488 925 521 985 in
543 920 693 985 auditone
716 921 940 984 custodiarum
945 942 958 1000 ;
981 920 1023 982 44
1049 915 1139 1000 (227)
1166 915 1309 980 Vestros

137 1033 219 1095 euim
254 1031 317 1093 iam
351 1036 566 1092 contestamur
599 1036 699 1105 50150,
724 1029 778 1110 qui
801 1025 918 1090 cotidie
942 1024 1122 1090 iudicandis
1148 1022 1308 1086 custodiis

138 1135 336 1222 praesidetis,
360 1137 414 1219 qui
439 1136 604 1198 sententiis
628 1134 729 1217 elogia
753 1131 954 1218 dispungitis.
970 1130 995 1196 ,7
1074 1159 1079 1166 ·

181 1243 221 1306 15
256 1240 470 1328 compluribus
506 1239 714 1304 substantivis
748 1241 781 1302 in
807 1274 848 1320 ‘7
870 1239 935 1303 itas
964 1236 1151 1302 exeuntibus
1178 1238 1226 1298 vis
1251 1234 1311 1296 ab·

24 1355 271 1413 ..furacis
273 1347 455 1412 declinavit
477 1348 508 1408 in
533 1354 723 1410 concretam.
750 1342 764 1380 ³
792 1345 1076 1422 Curiositas=rea
1109 1364 1191 1426 quae
1204 1342 1312 1404 ourio-

139 1458 232 1519 sitate
266 1453 362 1537 digna
397 1461 446 1516 cst
480 1455 499 1514 5
533 1449 600 1533 (32)
636 1473 714 1535 quas
748 1451 852 1514 nullus
888 1448 1083 1526 Hadrianus
1115 1469 1312 1532 quamquam

140 1562 280 1630 omnium
333 1559 561 1635 curiositatum
614 1557 795 1642 explorator
841 1593 881 1600 -
930 1557 1102 1640 impressit.
1139 1552 1312 1616 Divinitas
1393 1633 1394 1638 ἵ

140 1668 266 1750 saepius
289 1667 322 1727 in
346 1664 558 1749 Apologetioo
582 1666 615 1725 in
638 1665 704 1727 vim
727 1670 908 1727 concretam
931 1660 1089 1747 prioribus
1114 1661 1314 1743 incognitam
1393 1737 1394 1740 Ἴ

140 1771 227 1849 abiit,
274 1779 309 1833 ut
353 1769 438 1834 idem
473 1772 515 1833 sit
549 1769 635 1853 quod
674 1769 802 1846 „deais”.
838 1769 878 1832 10
914 1769 979 1842 (59)
1014 1769 1100 1848 Ante
1137 1765 1315 1829 Saturnum

141 1877 220 1940 deus
255 1898 352 1960 penes
387 1897 445 1940 vos
480 1896 573 1939 nemo
604 1883 662 1952 est,
698 1875 815 1939 abillo
839 1896 954 1938 census
979 1875 1076 1937 totius
1100 1872 1154 1936 vel
1177 1871 1317 1955 potioris

142 1991 174 2046 et
196 1983 327 2046 notioris
351 1981 557 2058 diuinitatis3
584 1983 622 2044 11
649 1982 713 2056 (65)
737 1980 846 2046 Vacat
869 2003 909 2044 ex
929 1980 989 2044 hac
1014 1987 1102 2064 parte
1121 1999 1218 2042 causa
1234 1976 1319 2040 alle-

141 2089 264 2173 gandae
302 2087 505 2152 humanilatis
529 2090 562 2150 in
585 2075 811 2164 diuinitatem}
837 2088 878 2150 26
904 2084 994 2168 (166)
1018 2086 1203 2169 Numquam
1227 2091 1321 2146 retro

116 2193 261 2284 ‘Iudaea
294 2201 458 2277 regnasset
489 2193 671 2278 despectrix
694 2195 908 2257 communium
930 2195 1061 2256 istarum
1084 2190 1320 2254 divinitatum.

142 2300 424 2383 Iudipuitas=rcs
448 2299 578 2383 indigna
608 2299 648 2362 14
672 2297 749 2380 (67).
775 2297 839 2362 Sed
862 2307 898 2361 nt
921 2301 1063 2362 omittam
1086 2296 1180 2360 huius
1205 2295 1332 2378 india·-
1361 2299 1374 2322 '

142 2407 259 2470 uitatis
288 2413 502 2483 retractatum,
526 2405 618 2491 probi
641 2414 674 2469 ct
695 2408 809 2490 integri
834 2414 866 2469 et
888 2405 964 2469 boni
987 2404 1107 2468 fuerint
1129 2401 1182 2476 (In
1205 2400 1322 2484 Agob.

142 2521 175 2576 ot
197 2510 300 2595 Lugd.
324 2511 362 2574 H
378 2511 584 2595 „dipuitatis”
604 2535 662 2597 pro
679 2511 913 2596 „indignitatis”
927 2509 1048 2592 extat).
1064 2509 1326 2573 Humanitas:

142 2619 296 2682 homines.
330 2618 368 2680 11
395 2614 464 2698 (65)
489 2616 597 2683 Vacat
620 2641 659 2682 ex
682 2619 742 2682 hac
766 2626 854 2704 parte
878 2641 975 2682 causa
998 2615 1183 2700 allegandae
1197 2617 1326 2678 lauma-

142 2724 259 2787 uitatis
290 2726 322 2786 in
346 2723 555 2788 divinitatem.
580 2723 1007 2788 liberalitas=donativum
1031 2725 1072 2787 29
1097 2723 1196 2796 (172).
1221 2720 1327 2784 Facit

144 2828 185 2894 ad
219 2852 357 2907 causam,
393 2832 419 2894 si
444 2839 476 2894 et
499 2833 680 2915 propitium,
705 2852 778 2894 cum
801 2831 862 2892 illis
886 2829 1010 2914 aliquid
1031 2827 1238 2892 liberalitatis
1263 2835 1326 2890 aut
1393 2867 1394 2890 l

109 2973 111 2977 ·
146 2936 303 3021 privilegii
352 2935 486 3000 confert.
526 2937 709 3019 Eloquium
748 2933 993 3019 (=eloquentia)
1032 2941 1228 3019 usurpatum
1261 2955 1327 3017 pro
1393 2937 1394 2956 ²

186 3230 256 3286 ¹01⁰.
282 3248 363 3301 porro
390 3231 492 3286 dehoc
514 3233 781 3286 usu2rorur11.
800 3250 826 3302 p.
847 3233 880 3284 57
900 3232 933 3284 Α.
953 3232 986 3294 5;
1006 3230 1123 3297 Draepa
1142 3229 1217 3282 Hist.
1239 3228 1331 3298 Synt.

146 3336 172 3388 p.
203 3320 234 3373 17
262 3335 338 3388 sqq.;
367 3319 448 3373 Sittl:
475 3319 519 3374 die
545 3319 600 3374 lok.
627 3319 902 3374 Verschiedenheiten
928 3319 976 3372 der
993 3319 1041 3372 lat.
1061 3317 1182 3387 Sprache
1200 3334 1228 3386 p.
1251 3318 1333 3385 107;

62 3409 65 3414 '
147 3407 307 3475 Koffmaac:
334 3407 497 3462 Gcschichte
523 3409 571 3462 des
598 3409 816 3463 Kirchenlateins
835 3409 874 3462 II.
894 3426 920 3478 p.
942 3409 999 3472 143,
1022 3407 1080 3470 144,
1103 3407 1162 3460 145.
1183 3405 1335 3464 Scammo-

148 3496 181 3550 dc
199 3495 335 3550 latinitate
352 3496 542 3562 Tertulliano,
562 3515 625 3568 pars
643 3498 666 3551 I.
683 3528 720 3536 -

107 3657 114 3670 υ
187 3582 196 3610 ²
219 3585 347 3639 &alodia
373 3602 423 3655 pro
450 3587 490 3651 iis,
521 3586 568 3656 qui
599 3587 627 3639 in
646 3586 771 3640 custodia
789 3591 860 3650 sunt,
881 3586 980 3656 legitur
998 3602 1041 3654 ap.
1062 3583 1190 3636 Senecam
1207 3599 1335 3655 quoque

147 3690 190 3743 cp.
218 3675 242 3738 5,
271 3675 287 3727 6
297 3693 304 3738 ;
333 3675 446 3739 77,16;
469 3675 533 3728 Suet
551 3674 610 3728 Tib.
630 3675 681 3739 61;
700 3675 758 3729 Oal.
778 3674 829 3738 29;
849 3674 922 3728 Nero
940 3674 972 3727 31
982 3693 989 3737 ;
1008 3673 1090 3726 Dom.
1112 3671 1145 3724 14
1155 3690 1162 3736 ;
1180 3671 1259 3727 Pliu.
1281 3692 1335 3747 ep.

89 3768 90 3771 ’
150 3761 190 3825 10,
211 3763 252 3826 30,
275 3762 305 3826 l;
325 3763 388 3832 Dig.
416 3763 636 3828 43,3‚12;48.
659 3765 681 3828 1,
703 3764 753 3827 12;
771 3764 814 3817 48.
837 3763 877 3826 19,
896 3763 940 3816 28.

188 3846 370 3902 ’Mutamus
398 3872 430 3894 =
456 3851 592 3916 mortales,
620 3851 744 3905 homines
772 3851 807 3904 ad
830 3851 908 3904 Natt.
940 3850 978 3902 ΙΙ.
998 3851 1014 3902 6
1034 3847 1108 3917 (351)
1129 3847 1284 3904 Sedenim
1311 3857 1338 3908 si

149 3935 184 3989 ad
202 3937 356 4004 mythicum
377 3943 488 4005 spectes,
506 3937 604 3990 melius
623 3939 678 3992 iam
697 3941 723 4000 in
743 3939 856 4010 physico
874 3938 1026 3992 mortalitas
1045 3943 1117 3990 emat
1135 3938 1173 3990 eis
1191 3936 1341 4000 divinita.

150 4028 206 4078 tem
225 4023 411 4078 adscribendo.
430 4052 463 4061 -—
