2788 4500
555 1061 645 1127 ,Quid
663 1061 831 1115 Tertulliano
850 1060 991 1123 eruditius,
1011 1061 1078 1130 quid
1097 1060 1224 1114 acutius?

499 1150 692 1220 Apologeticus
710 1151 769 1203 eius
788 1155 816 1203 et
834 1155 929 1204 contra
947 1154 1042 1219 gentes
1061 1149 1124 1202 libri

496 1243 624 1292 cunctam
642 1239 743 1292 saeculi
762 1239 887 1293 obtinent
906 1237 1104 1307 disciplinam.”

695 1327 773 1381 Hier.
792 1327 845 1396 Ep.
855 1327 890 1380 ad
908 1328 1002 1397 Magn.
1024 1327 1068 1380 IV
1087 1345 1131 1396 pg.
1152 1327 1212 1380 656.

118 1489 311 1553 Litterarum
344 1489 493 1569 studium,
529 1490 616 1574 quod
646 1497 752 1554 certae
776 1492 848 1556 viae
872 1513 909 1554 ac
932 1493 1048 1554 rationi
1072 1489 1263 1566 invidebat,-

74 1619 137 1680 qua
170 1595 268 1660 tardis
304 1596 432 1681 quidem
460 1597 517 1661 sed
540 1600 635 1662 certis
660 1597 806 1683 passibus
830 1620 936 1661 rerum
958 1605 1089 1661 naturae
1114 1599 1247 1662 scientia

73 1701 115 1766 ad
138 1725 253 1786 magna
275 1703 518 1788 progrederetur
540 1707 680 1782 inventa,
705 1707 768 1768 iam
788 1703 982 1789 aliquamdiu
994 1707 1248 1769 coniecturarum

74 1810 310 1893 ingeniosarum
320 1810 478 1875 illecebris
490 1811 643 1894 neglectis
656 1810 697 1874 ad
710 1818 890 1875 accuratam
903 1833 937 1874 se
946 1813 1043 1875 vertit
1050 1810 1246 1895 diligentiam

75 1918 109 1978 in
132 1915 341 1980 observandis
365 1924 397 1980 et
420 1915 641 2001 comparandis
665 1917 840 1994 vocabulis,
858 1918 1034 1995 sententiis,
1052 1917 1140 1980 libris
1152 1917 1249 1990 libro·

75 2044 209 2106 rumque
232 2023 387 2086 aetatibus
413 2031 444 2087 et
466 2023 673 2108 temporibus
698 2031 786 2086 utet
808 2015 879 2109 ipsa
902 2023 1114 2106 observando,
1139 2047 1249 2088 nume-

75 2128 186 2206 rando,
199 2129 406 2215 ponderando
419 2130 609 2193 naturalium
621 2131 825 2193 scientiarum
837 2129 1033 2214 diligentiam
1046 2129 1247 2215 adaequaret.

77 2236 281 2320 Quanquam
303 2239 359 2300 vix
382 2238 524 2300 cuiusvis
546 2236 672 2320 linguae
696 2237 783 2320 leges
810 2239 1034 2320 grammaticae
1051 2259 1151 2321 aeque
1164 2245 1251 2302 certa

77 2351 110 2406 et
142 2343 183 2407 ab
217 2345 303 2406 omni
338 2342 534 2408 dubitatione
568 2350 690 2406 remota
723 2344 845 2406 ratione
873 2351 906 2406 et
928 2345 1064 2406 inveniri
1089 2351 1121 2406 et
1143 2343 1250 2407 verbis

79 2452 235 2514 enuntiari
258 2458 417 2536 poterunt,
431 2472 526 2533 quam
542 2471 623 2533 quae
635 2457 777 2512 naturam
790 2471 896 2512 rerum
911 2447 1114 2513 mederentur
1122 2472 1251 2515 normae

78 2579 116 2620 ac
139 2557 276 2641 regulae,
301 2559 419 2642 quippe
441 2558 476 2618 in
499 2555 645 2618 omnibus
669 2556 765 2618 variis
790 2577 828 2619 ac
840 2555 1044 2619 mutabilibus
1056 2556 1135 2620 nihil
1146 2566 1251 2620 mente

76 2663 215 2727 humana
237 2665 338 2747 magis
361 2664 494 2739 varium,
518 2683 599 2746 quae
624 2683 768 2725 sermone
792 2683 866 2725 suos
890 2671 922 2725 et
944 2670 1049 2725 motus
1066 2670 1097 2726 et
1113 2665 1252 2747 cogitata

77 2769 179 2848 offert,
215 2778 364 2846 attamen,
388 2768 475 2853 quod
498 2771 565 2832 eius
589 2767 656 2831 fieri
679 2771 805 2852 poterit,
829 2767 1096 2847 contendendum,
1120 2777 1156 2844 ut
1179 2769 1251 2834 dili-

75 2885 190 2961 genter
212 2877 417 2940 observemus
440 2877 596 2961 pleneque
620 2875 814 2958 colligamuS,
829 2897 1047 2960 quaecumque
1059 2875 1101 2939 ad
1112 2876 1251 2959 linguam

76 2985 191 3048 melius
214 2981 469 3067 cognoscendam
490 2984 659 3068 pertinent.
673 2959 786 3066 Neque
798 2990 903 3045 tamen
917 2985 977 3046 erit
988 2982 1250 3062 obliviscendum,

77 3101 113 3152 nt·
136 3090 302 3173 loquamur
328 3111 401 3164 cum
413 3091 482 3152 viro
495 3089 669 3152 clarissimo
681 3083 848 3152 Wolfflino
862 3085 1007 3168 (Archiv.
1024 3088 1104 3166 VH,
1117 3113 1148 3175 p.
1166 3088 1251 3170 127),

76 3199 133 3281 qui
162 3197 196 3258 in
226 3195 286 3259 hac
310 3194 486 3258 studiorum
508 3194 695 3258 Latinorum
718 3203 807 3279 parte
831 3195 1016 3259 felicissimo
1041 3204 1159 3260 eventu
1181 3197 1252 3282 plu-

76 3305 191 3364 rimum
214 3309 262 3365 est
274 3283 429 3378 versatus,
447 3303 645 3378 statisticam,
658 3303 753 3384 quam
766 3299 861 3364 hodie
874 3300 994 3379 dicunt,
1008 3303 1252 3366 instrumentum
1267 3357 1271 3360 ,

22 3471 27 3480 ,
77 3407 209 3492 quidem
239 3430 309 3471 esse
333 3415 489 3492 oportere,
513 3406 639 3491 quoad
663 3429 713 3470 res
737 3408 849 3470 melius
874 3407 1113 3492 cognoscendas
1137 3432 1252 3494 perve-

76 3516 211 3592 niamus,
236 3521 429 3577 nontamen
451 3535 508 3598 per
531 3535 565 3576 se
589 3512 718 3596 dignam
746 3534 827 3590 esse,
850 3515 900 3576 cui
916 3513 974 3577 soli
988 3536 1117 3599 operam
1130 3514 1251 3578 demus.

123 3623 214 3686 Inter
246 3621 372 3704 linguae
406 3619 540 3684 Latinae
575 3622 765 3704 scriptorum
799 3643 916 3704 genera
948 3621 1109 3685 scribendi
1140 3623 1252 3686 mirum

77 3739 234 3816 quantum
256 3729 427 3813 discrepat,
452 3750 643 3812 quamquam
666 3749 775 3790 omnes
799 3727 860 3792 hoc
883 3727 1011 3806 habent,
1032 3736 1068 3791 ut
1084 3728 1253 3813 simplicis·

76 3842 160 3903 sima
194 3859 320 3923 quaque
355 3841 462 3921 spreta
497 3837 723 3898 sententiarum
759 3833 862 3897 forma
897 3833 1047 3898 affectent
1080 3837 1254 3899 orationem

75 3954 223 4010 ornatam
258 3952 290 4008 et
323 3944 444 4027 vulgari
479 3941 630 4026 loquendi
661 3943 785 4004 ratione
818 3942 962 4006 alienam.
994 3943 1060 4004 Alii
1084 3964 1160 4005 vero
1184 3942 1254 4005 aliis

5 4088 37 4164 ,
74 4056 178 4138 magis
202 4052 264 4116 sibi
287 4059 453 4127 constant;
478 4056 565 4114 certa
588 4047 745 4133 quaedam
770 4047 938 4127 vocabula,
963 4050 1149 4126 locutiones,
1174 4070 1252 4111 oon-

1104 4156 1117 4216 1
