2788 4500
704 251 746 314 32

144 445 214 523 „ut”
248 449 404 534 iucipiens
441 455 535 533 post:
572 447 729 529 ine'quum
767 451 813 509 est
839 446 855 508 1
881 443 927 528 (5)
951 445 1030 531 quid
1052 448 1139 510 enim.
1160 448 1317 531 iniquiuS,

138 575 233 638 quam
256 559 295 618 ot
316 553 443 618 oderint
465 553 609 617 homines
634 551 721 636 quod
743 553 899 636 ignorant.
922 595 924 600 ,

181 659 316 724 Insolita
338 662 460 725 ratione
483 666 558 745 post
580 657 714 722 verbum
741 657 894 743 ,cuperel
921 661 1144 724 coniunctiius
1162 659 1318 724 scribitur

138 767 158 829 8
194 763 262 846 (44)
297 765 401 850 Cupio
423 767 627 850 respondeas,
652 768 679 828 si
702 767 782 828 tanti
806 768 985 844 aeternitas,
1010 774 1064 830 aut
1088 769 1115 830 si
1138 788 1213 844 non,
1238 765 1332 830 idec'

138 895 197 936 nee
221 872 391 938 credenda.

182 977 316 1064 Saepius
352 978 529 1043 subiectum
564 979 645 1042 Aee.
681 1001 709 1042 c.
739 977 803 1042 Inf.
839 999 897 1064 per
932 979 1057 1064 ellipsin
1081 981 1246 1057 omittitur,
1264 967 1318 1042 'de

137 1106 200 1170 quo
233 1083 420 1149 Tertulliani
453 1107 569 1168 genere
593 1083 756 1148 scribendi
779 1084 863 1148 infra
885 1087 917 1148 in
941 1087 1046 1170 capite
1070 1084 1111 1149 de
1134 1084 1207 1148 stilo
1231 1084 1319 1148 Ter·

136 1192 268 1256 tulliano
291 1190 482 1256 videbimus.

618 1425 831 1438 ——...-..

445 1674 511 1741 DE
536 1674 1015 1745 OOMUNOTIONIBUS.

181 1943 233 2006 De
261 1943 381 2022 ,oum,”
408 1933 631 2008 coniunctione
648 1944 767 2008 causali
784 1952 816 2008 et
833 1946 1021 2008 concessiva
1036 1967 1110 2008 cum
1125 1943 1314 2008 Indicativo

138 2059 258 2114 structa
282 2059 313 2114 et
336 2051 376 2114 al.
401 2073 498 2135 supra
520 2053 583 2115 iam
609 2050 758 2114 diximus.
774 2050 986 2114 Transeamus
1002 2073 1087 2114 nunc
1103 2051 1144 2116 ad
1156 2053 1314 2114 coniunc-

137 2159 255 2221 tionem
289 2178 339 2235 oe,
375 2156 428 2220 ubi
464 2156 592 2220 inchoat
620 2158 900 2239 interrogationem
930 2156 1166 2221 indirectam:¹
1195 2159 1213 2220 2
1241 2154 1314 2237 (15)

137 2269 286 2348 suspecta
332 2264 372 2325 sit
419 2261 511 2326 vobis
559 2264 620 2326 ista
653 2264 858 2346 perversitas
893 2284 933 2326 oc
968 2285 1031 2347 qua
1065 2265 1132 2330 vis,
1149 2262 1246 2326 lateat
1279 2266 1313 2326 in

129 2368 271 2446 occult0,
296 2389 377 2451 quac
401 2389 459 2431 vos
476 2366 630 2432 adversus
646 2367 791 2447 lonnam,
809 2368 963 2433 adversus
976 2378 1122 2432 naturam
1134 2367 1313 2446 iudicandi,

137 2483 247 2539 contra
270 2476 356 2559 ipsas
373 2496 499 2559 quoque
515 2474 601 2560 leges
617 2476 784 2538 ministret.
803 2476 822 2537 2
837 2471 904 2555 (17)
921 2474 1017 2538 Unde
1030 2476 1092 2539 ista
1103 2478 1313 2560 perversitas,
1375 2529 1376 2552 ,

136 2589 171 2643 ut
206 2583 300 2646 etiam
335 2580 412 2645 illud
446 2603 509 2645 non
543 2583 735 2666 recogitetis,
770 2602 812 2644 oe
835 2581 1017 2666 compulsus
1041 2604 1156 2666 negare
1179 2605 1245 2646 non
1270 2605 1310 2646 ex

135 2686 197 2751 fide
220 2689 343 2771 negarit
366 2695 398 2752 ct
420 2687 584 2751 absolutus
607 2686 726 2752 ibidem
749 2695 824 2773 post
846 2687 984 2752 tribunal
1007 2688 1047 2752 de
1071 2698 1177 2753 vestra
1205 2687 1311 2753 rideat

137 2793 346 2858 aemulatione
380 2795 494 2857 iterum
528 2792 752 2858 Christianus?
788 2794 807 2857 3
832 2791 902 2875 (19)
937 2795 1040 2859 Nemo
1074 2802 1234 2871 retractat,
1268 2817 1311 2858 ne

136 2899 209 2964 idco
244 2899 345 2963 bonus
381 2898 481 2984 Gaius
516 2906 548 2962 et
582 2898 721 2985 prudens
752 2899 883 2978 Lucius,
919 2904 994 2986 quia
1017 2900 1228 2977 Christianus,
1254 2911 1312 2966 aut

138 3005 209 3072 ideo
234 3005 443 3084 Christianus,
461 3008 535 3090 quia
550 3005 689 3091 prudeus
706 3015 738 3070 et
754 3007 866 3072 bonus.
891 3005 960 3093 (pro
978 3031 1034 3085 ,uc
1046 3007 1138 3072 ide0”
1155 3008 1313 3094 praebent

67 3189 70 3196 ¹
142 3112 217 3191 „ab”
256 3135 320 3176 non
355 3109 450 3193 ideo).
488 3108 599 3192 Ula)
635 3111 762 3177 Exinde
803 3115 836 3176 in
875 3114 1022 3179 traduces
1060 3115 1238 3198 linguarum
1279 3125 1312 3180 ct

137 3222 259 3284 aurium
294 3221 402 3304 serpit,
438 3225 469 3282 et
503 3220 548 3281 ita
582 3218 699 3309 modici
734 3223 864 3286 seminis
899 3224 1011 3285 vitium
1044 3231 1150 3286 cetera
1173 3224 1312 3285 nmioris

137 3413 349 3424 ...—

177 3525 184 3558 ¹
203 3527 311 3582 Romala
333 3527 405 3582 ltu.
423 3527 459 3580 V.
478 3543 523 3597 pg.
541 3527 610 3591 4013
639 3526 747 3580 Kellacr
766 3527 837 3597 Sprl.
856 3527 917 3597 Eig.
935 3528 980 3592 T.;
999 3527 1068 3582 Intt.
1086 3527 1122 3581 ad
1141 3527 1221 3583 Ovid.
1241 3527 1310 3581 Met

137 3617 174 3670 X.
203 3617 262 3671 681.
282 3615 317 3670 ad
337 3615 393 3670 Oic.
411 3616 490 3668 Tusc.
510 3615 550 3668 II.
569 3616 615 3679 26;
633 3615 669 3668 V.
692 3616 733 3669 12.
752 3616 785 3668 21
805 3620 833 3668 et
851 3615 978 3670 Hildebr.
999 3617 1022 3670 1.
1041 3618 1084 3671 20.
1103 3617 1138 3671 ci.
1157 3633 1253 3686 pono:
1274 3616 1309 3670 ad

137 3705 203 3760 Nat.
234 3705 256 3758 1.
283 3706 313 3758 4:
341 3704 443 3758 nemini
468 3703 602 3767 subvenit,
621 3720 654 3756 ne
671 3703 733 3757 ideo
749 3703 837 3756 bonus
855 3704 924 3772 quie,
943 3703 1008 3773 quia
1027 3704 1198 3758 Christianus
1206 3705 1221 3768 ;'
1234 3705 1257 3758 1.
1278 3706 1310 3759 7:

137 3803 168 3849 ut
186 3811 266 3848 nemo
285 3794 422 3864 recogitet,
439 3810 473 3846 ae
490 3793 611 3863 pn'mum
630 3791 698 3845 illud
717 3809 747 3846 os
765 3791 908 3846 mendacia
919 3794 1104 3858 seminaverit;
1126 3793 1149 3847 1'.
1162 3794 1193 3846 8:
1213 3810 1308 3848 verum

137 3883 290 3952 recogitate,
310 3899 343 3935 rw
361 3899 428 3952 quos
447 3882 559 3935 tertium
577 3897 663 3951 genus
676 3880 766 3933 dicitis
778 3880 929 3950 principem
942 3881 1033 3934 locum
1047 3881 1200 3944 obtineant3
1221 3882 1308 3936 1.10:

135 3970 303 4026 considerate
328 3971 411 4025 etium
429 3976 512 4040 atque
530 3971 622 4034 etiam,
641 3987 674 4022 ne
692 3969 834 4023 vobiscum
852 3969 1084 4023 communicemus
1102 3971 1204 4024 crimen
1223 3969 1308 4036 illud;

22 4131 23 4138 ἵ
140 4062 163 4114 1.
185 4061 232 4114 1οε
251 4077 335 4130 qume
354 4060 451 4123 neseio,
470 4076 503 4111 ne
521 4058 583 4128 plus
601 4057 635 4111 de
654 4057 732 4112 vobis
750 4057 794 4112 dei
812 4058 893 4112 vestri
912 4075 995 4128 quam
1014 4057 1137 4113 danobis
1150 4065 1307 4130 querantur.

127 4245 182 4254 ...-
