2788 4500
716 211 757 272 62

154 409 375 476 corroboravit
397 429 498 492 usque
522 405 626 470 adhuc
649 404 783 491 probare
806 406 992 482 nonvaluit,
1006 407 1025 468 i.
1040 428 1066 468 e.
1081 405 1170 469 fama
1182 405 1227 486 id,
1247 405 1333 490 quod

152 517 233 583 adeo
268 514 490 579 corroboravit
524 520 559 575 ut
594 511 784 588 crederetur,
819 534 919 596 usque
954 511 1058 576 adhuc
1092 511 1232 597 probare
1272 535 1333 574 non

152 625 261 688 valuit.
299 619 344 702 (in
367 618 526 684 nonnullis
550 620 633 682 enim
663 618 826 702 exemplis,
851 640 932 702 quae
955 641 1039 682 nuuc
1063 617 1275 702 proferentur
1300 620 1331 680 ia

154 729 389 816 praepositione
424 725 457 789 id
493 707 711 809 significatur,¹
732 723 818 809 quod
853 727 976 788 actione
1010 723 1168 806 efficitur.)
1193 726 1235 789 10
1265 723 1333 805 (62)

154 836 260 900 Taceo
285 831 372 918 quod
396 833 440 896 ita
462 831 557 895 rudes
580 830 685 895 adhuc
707 831 850 894 homines
864 831 1009 915 agebant,
1022 839 1058 893 ut
1069 831 1244 896 cuiuslibet
1258 834 1334 894 nori

155 943 216 1006 viri
249 938 406 1024 adspectu
441 939 532 1022 quasi
566 936 676 1001 divino
711 945 994 1014 commoverentur,
1027 959 1101 1001 curn
1134 935 1234 1002 hodie
1275 940 1333 1001 iam

155 1048 246 1133 politi
268 1027 348 1130 quos
372 1053 447 1108 ante
471 1065 590 1128 paucos
614 1043 682 1108 dies
706 1044 793 1107 luctu
817 1043 944 1129 publico
956 1046 1097 1107 mortuos
1110 1046 1175 1107 sint
1187 1045 1334 1108 confessi

156 1156 192 1218 in
215 1155 287 1217 deos
310 1160 508 1227 consecrent,
534 1152 553 1213 1.
578 1173 605 1214 e.
629 1158 818 1214 consecrant
840 1172 895 1214 eos
919 1159 954 1213 ut
967 1152 1000 1213 in
1013 1149 1146 1214 deorum
1162 1174 1334 1215 numerum

155 1262 357 1345 recipiantur.
396 1259 434 1321 11
470 1254 539 1338 (65)
575 1257 792 1334 Quamobrem
825 1259 851 1320 si
885 1257 925 1321 ab
948 1259 1038 1320 initio
1062 1265 1095 1320 et
1118 1259 1281 1322 instructa
1306 1273 1335 1320 et

155 1369 251 1432 certis
286 1363 541 1429 exercendorum
575 1363 749 1428 officiorum
783 1386 911 1427 suorum
945 1362 1120 1428 rationibus
1143 1363 1335 1449 dispensata
1372 1385 1373 1420 f

156 1473 347 1538 rmiversitas
371 1473 524 1547 constitit,
548 1479 643 1534 vacat
666 1493 705 1533 ex
727 1471 788 1534 hac
811 1478 900 1555 parte
913 1469 1207 1554 causaallegandae
1220 1472 1334 1534 huma·

157 1582 264 1645 nitatis
298 1579 338 1641 in
373 1577 590 1640 divinitatem.
629 1578 667 1640 12
704 1574 773 1657 (70)
807 1577 851 1639 In
872 1577 1001 1641 metalla
1022 1576 1234 1641 damnamur:
1260 1577 1333 1641 inde

157 1693 328 1752 censentur
361 1683 413 1747 dei
437 1686 546 1747 vestri.
573 1685 613 1746 14
638 1681 704 1764 (78)
727 1682 852 1762 Jovem,
877 1706 962 1748 nunc
982 1683 1111 1748 flentem
1134 1681 1333 1769 Sarpedonis

157 1815 266 1857 casum
300 1813 386 1854 nunc
414 1789 509 1854 foede
533 1789 701 1854 subantem
722 1791 761 1853 in
783 1811 925 1854 sororem
948 1790 1006 1854 sub
1031 1793 1334 1854 commemoratione

157 1921 221 1964 non
254 1901 298 1962 ita
323 1896 510 1961 dilectamm
533 1896 719 1982 iampridem
742 1899 922 1961 amicarum.
948 1899 989 1960 22
1015 1894 1106 1978 (139)
1129 1897 1170 1960 In
1194 1899 1335 1961 oraculis

158 2015 263 2070 autem
298 2026 361 2088 quo
397 2005 524 2088 ingenio
557 2003 778 2098 ambiguitates
807 2012 985 2089 temperent
1008 2005 1045 2067 in
1068 2010 1202 2067 eventus
1226 2007 1335 2068 sciunt

158 2111 280 2188 Croesi,
306 2112 411 2174 sciunt
435 2108 559 2193 Pyrrhi,
584 2111 603 2172 i.
629 2132 656 2172 e.
680 2112 726 2174 ita
747 2118 934 2195 temperent,
965 2118 1000 2173 ut
1023 2119 1157 2174 eventus
1181 2110 1334 2175 habeant.
1374 2119 1375 2132 ¹

160 2220 201 2283 47
216 2214 307 2298 (244)
322 2216 406 2280 Nam
429 2225 461 2280 et
484 2218 510 2279 si
535 2239 597 2300 qua
620 2217 806 2301 simplicitas
819 2225 885 2281 erat
898 2219 1051 2296 veritatis,
1077 2241 1114 2282 eo
1126 2219 1228 2302 magis
1243 2241 1335 2282 seru-

158 2324 312 2410 pulositas
340 2323 478 2386 humana
503 2321 598 2386 fidem
618 2331 787 2408 aspernata
795 2323 937 2402 nutabat,
951 2346 1008 2409 per
1019 2323 1106 2409 quod
1116 2325 1155 2388 in
1167 2325 1334 2388 incertam

157 2432 352 2494 misouemnt
382 2431 477 2493 etiam
504 2427 591 2513 quod
613 2431 802 2494 invenerant
824 2438 955 2509 certum,
978 2432 999 2495 i.
1024 2453 1052 2494 e.
1074 2429 1240 2494 miscendo
1267 2454 1335 2496 rem
1375 2495 1376 2506 ,

157 2545 275 2600 certam
298 2537 452 2600 incertam
474 2534 617 2600 reddere.
643 2533 687 2616 (in
711 2538 866 2600 incertum
886 2554 900 2604 1
920 2537 945 2626 s
974 2537 1115 2602 Havere.
1133 2537 1333 2613 „incertum”

155 2639 292 2726 reliqui).
318 2643 359 2705 50
385 2638 474 2722 (263)
500 2642 720 2706 Anaxarchus
745 2665 818 2707 cum
839 2645 878 2707 in
902 2645 1026 2708 enitam
1039 2646 1160 2708 tisanae
1173 2643 1239 2729 pilo
1254 2666 1335 2708 con-

156 2747 342 2811 tunderetur
383 2769 475 2833 sqq-3
512 2749 553 2812 50
590 2745 679 2828 (266)
703 2749 748 2812 Et
769 2758 875 2814 tamen
897 2750 960 2814 illis
984 2749 1130 2813 omnibus
1153 2758 1185 2813 et
1208 2757 1334 2813 statuas

156 2853 335 2919 defunditis
381 2863 412 2918 et
458 2856 611 2939 imagines
648 2857 825 2921 ¹inscribitis
881 2865 913 2921 et
958 2856 1066 2920 titulos
1111 2853 1253 2920 inciditis
1293 2857 1332 2919 in

158 2963 383 3025 aeternitatem
407 2958 491 3041 (,in''
519 2984 579 3026 om.
605 2959 668 3042 ab.)
698 2966 709 3002 ¹

201 3067 355 3133 Vidimus
392 3071 455 3132 iam
479 3090 575 3154 supra
598 3069 636 3132 ia
656 3070 932 3153 praepositionem
955 3070 1122 3134 eonsilium
1145 3090 1239 3155 posse
1264 3055 1333 3152 sig-

156 3175 299 3248 nificare;
334 3176 422 3238 barac
455 3175 522 3238 eim
555 3176 585 3237 ei
613 3178 742 3240 aemalae
765 3197 996 3260 saepenumero
1015 3177 1120 3239 inesse
1142 3181 1172 3238 et
1194 3175 1333 3239 aliunde

156 3287 283 3345 constat
305 3287 335 3344 et
359 3282 516 3364 exemplis
539 3281 633 3365 infm
656 3284 766 3346 allatis
788 3285 981 3347 ostendetur.
1005 3281 1105 3368 Apud
1120 3284 1232 3368 optimi
1245 3290 1331 3346 tem·

157 3389 242 3471 poris
273 3389 445 3472 scriptores
469 3386 510 3451 ad
533 3387 699 3452 eonsilium
723 3388 928 3453 indicandum
951 3389 1156 3454 adhibentur:
1181 3397 1225 3467 ut,
1243 3391 1329 3452 coni.

157 3571 370 3582 *η-

195 3681 203 3708 ¹
221 3684 257 3737 of.
279 3684 313 3739 ad
333 3686 398 3740 Nat.
419 3687 457 3741 ΙΙ.
479 3688 511 3740 1:
530 3687 577 3741 sed
595 3687 669 3741 enim
687 3688 775 3741 multa
792 3695 864 3752 sunt,
883 3689 983 3758 quibus
1001 3690 1129 3742 teneritas
1147 3689 1328 3743 conscientiae

156 3771 310 3826 obduratur
333 3775 366 3827 in
393 3777 567 3829 callositatem
595 3775 741 3830 voluntarii
767 3777 871 3841 enoris,
894 3779 911 3831 i.
930 3795 952 3832 e.
972 3777 1133 3832 obdurando
1151 3778 1274 3848 pervenit
1293 3778 1325 3831 ad

155 3861 342 3916 callositatem.
362 3863 397 3916 ad
416 3864 481 3918 Nat.
500 3865 540 3918 ΙΙ.
561 3865 610 3918 15:
629 3882 697 3935 quos
715 3865 747 3918 ia
765 3866 855 3919 sidera
872 3866 1011 3936 sepelistis,
1031 3867 1049 3920 i.
1058 3885 1081 3921 o.
1091 3884 1159 3936 quos
1169 3857 1326 3937 sepelientes

155 3948 184 4000 in
211 3949 300 4002 sidera
327 3951 472 4020 recepistis.
499 3952 535 4004 ad
562 3953 628 4006 Nat.
655 3953 695 4006 ΙΙ.
725 3955 775 4006 15:
799 3954 909 4022 orbana,
929 3972 998 4024 quae
1016 3955 1048 4007 ia
1066 3956 1205 4009 orbitatem
1223 3956 1326 4008 semina

155 4037 306 4104 extinguat,
326 4038 342 4090 i.
362 4056 384 4091 e.
403 4040 506 4093 semina
525 4042 675 4110 extinguat,
694 4048 725 4094 ut
743 4042 845 4096 orbitas
863 4044 1005 4097 officiatur.
1025 4072 1057 4080 -
