2808 4492
645 208 708 281 144

86 402 152 468 odii
174 405 207 468 in
231 401 421 487 suffragium
438 403 650 486 impiayaai:
672 424 742 486 sqq.
768 402 788 466 9
813 398 937 483 (55101
955 403 1049 469 simul
1065 425 1151 468 error
1162 404 1270 488 impe·
1371 441 1397 499 Μι

82 511 176 593 qamt,
201 532 271 594 sqq.
296 505 702 589 010111811412791
722 508 769 576 Α1
783 530 868 576 nuno
884 508 1067 574 necessario
1081 509 1271 595 ignorando
1394 573 1397 590 ,

86 623 206 682 sectam
229 617 303 700 quia
326 617 477 700 ignoratis
505 622 677 693 auctorem,
701 621 756 678 aut
778 636 844 678 non
865 615 1063 687 recensendo
1086 625 1271 695 auctorem,

11 769 13 774 -
86 724 161 808 quia
182 744 242 786 neo
265 729 386 786 sectam
407 722 592 798 recensetis,
615 722 650 785 in
673 721 776 784 solum
798 743 914 786 nomen
936 723 1124 806 iamayitis.
1376 767 1398 822 (¹

129 826 366 909 Imprimere
389 851 438 888 =-.·¹
453 827 591 899 emmim¹
617 828 636 890 5
672 823 739 907 (33)
778 825 915 912 „leges'’‚
940 850 1018 913 quas
1042 829 1147 893 nullus
1170 829 1271 908 Pius,
1382 879 1399 923 ff(

86 936 192 999 nullus
216 933 325 1001 Verus
347 933 524 1018 impressit.
859 981 861 984 -

131 1039 317 1108 Inou'aere
349 1041 531 1123 infamiam
564 1039 738 1103 insolenter
760 1038 877 1106 dieitur
900 1042 940 1104 21
968 1038 1058 1123 (131)
1082 1045 1176 1106 nemo
1199 1044 1271 1106 iam

86 1148 267 1232 infamiam
289 1148 442 1212 inretiat.
583 1213 587 1219 ,
640 1211 641 1216 ,
1366 1122 1396 1212 :¹

131 1251 312 1318 Indioere
340 1278 383 1307 =
399 1253 584 1336 postulare(
615 1251 765 1334 flamiam
800 1253 842 1315 28
879 1249 970 1334 (169)
1005 1275 1079 1317 nam
1117 1261 1150 1323 01
1182 1254 1273 1319 alias
1384 1303 1396 1328 μ

87 1359 214 1432 divinae
236 1362 283 1424 rei
306 1358 477 1432 ¹faciundae
499 1358 601 1423 libens
624 1360 747 1427 animus
770 1358 943 1433 indicitur:
1391 1340 1399 1366 '⁴

132 1464 326 1532 Induoere
350 1467 370 1530 3
394 1463 462 1548 (22)
485 1464 574 1542 Quid
596 1467 682 1542 novi,
705 1467 733 1528 si
748 1465 854 1549 aliqua
869 1463 1039 1550 disciplina
1053 1464 1094 1530 de
1110 1469 1274 1551 magistro

89 1582 334 1656 cognomentum
357 1571 657 1641 sectatoribussuis
678 1572 837 1663 inducit?
856 1573 896 1635 16
914 1568 982 1652 (91)
1000 1572 1153 1639 Diximus
1166 1575 1275 1658 origi·

89 1699 163 1742 nem
185 1677 317 1743 deorum
340 1686 517 1744 vestrorum
541 1700 560 1742 a
582 1678 694 1763 plastis
718 1678 759 1742 de
783 1700 878 1743 ornae
892 1679 1017 1742 iadaoi.
1036 1677 1072 1758 (i.
1090 1701 1118 1744 e.
1131 1679 1276 1746 Parme

90 1787 128 1849 a
162 1807 255 1853 aaa
287 1786 326 1848 a
357 1787 492 1849 amum
523 1785 713 1848 amiam
744 1785 909 1868 amoma
934 1785 1075 1849 animm
1095 1785 1274 1869 saeuam.
1381 1768 1397 1790 “

94 1890 153 1956 af„
171 1892 211 1956 de
233 1892 354 1956 Anima
375 1914 404 1956 0.
429 1893 466 1958 3.;
490 1892 615 1958 oeteris¹
628 1889 703 1954 hina
731 1889 896 1955 exordium
917 1891 1084 1956 iudaeam.
1398 1897 1402 1904 '

136 1996 307 2063 Induere
341 1999 448 2079 deam,
486 1998 525 2060 15
562 1994 628 2078 (84)
663 1998 725 2059 nisi
759 1996 845 2081 quod
869 2004 902 2060 01
924 1999 1012 2082 ipsos
1035 1997 1114 2064 deos
1137 2005 1276 2070 vestros

93 2127 188 2191 saepe
223 2106 311 2168 noxii
343 2105 506 2180 arduam:
541 2125 569 2166 0.
607 2104 664 2167 16:
705 2104 777 2186 „qui
804 2104 898 2167 vivus
922 2102 1064 2181 ardebat,
1088 2103 1273 2170 Herculem

92 2210 277 2274 iadaeral.''
312 2209 436 2274 Eadem
458 2211 590 2288 ratione,
621 2208 718 2293 idque
741 2207 885 2294 pluribus
909 2209 997 2288 locis,
1023 2233 1042 2274 a
1064 2210 1179 2275 Taolto
1202 2211 1277 2279 hoo
1387 2253 1402 2286 ι,

94 2316 225 2382 verbum
249 2324 436 2402 usurpatum
457 2317 628 2400 reperitur3
652 2337 701 2379 ex.
725 2337 772 2398 gr.
796 2313 874 2380 Tae.
898 2314 940 2378 A.
968 2315 1018 2379 16.
1044 2317 1105 2382 28:
1129 2318 1278 2383 iadaere

89 2424 304 2506 proditorem
329 2421 495 2487 Claudian.
512 2420 610 2486 Cone.
626 2420 713 2485 Hon.
732 2422 761 2485 3.
782 2422 865 2484 157:
881 2421 984 2485 indae
998 2428 1104 2488 maa
1114 2428 1277 2506 petram
1398 2428 1401 2504 J

94 2529 191 2594 Mart.
216 2531 246 2607 2,
271 2531 335 2593 41:
358 2530 494 2594 iadaere
517 2530 628 2592 vallas
651 2543 785 2592 seueros,
839 2573 844 2579 -

139 2633 344 2700 Infamare
366 2661 408 2691 =
430 2634 611 2719 infamiam
644 2635 789 2697 meatem
824 2634 867 2696 23
902 2629 993 2715 (141)
1032 2633 1151 2713 „Porro
1183 2636 1210 2697 si
1237 2645 1278 2700 01

95 2744 178 2826 magi
202 2743 423 2828 phantasmata
446 2741 545 2805 edunt
567 2749 600 2804 et
621 2742 684 2804 iam
707 2738 932 2803 defunctorum
946 2739 1118 2823 infamant
1133 2742 1274 2825 animas,

96 2847 189 2933 sqq.’'
224 2883 264 2892 -
296 2848 372 2912 Non
401 2856 451 2912 est
475 2846 647 2911 verisimile
676 2845 762 2930 quod
792 2847 973 2930 suspicatus
1004 2855 1054 2908 est
1082 2843 1274 2911 Wdlfflinus
1400 2899 1402 2906 ,

97 2977 155 3039 pro
189 2953 393 3038 „insumam”
427 2953 489 3018 hoo
511 2953 583 3017 looo
604 2974 674 3016 esse
699 2951 868 3036 legendum
896 2949 1104 3034 „inflamma”
1130 2948 1274 3032 (Archiv

95 3059 143 3126 Π.
168 3062 254 3126 361;
279 3082 370 3125 wenn
391 3063 449 3124 wir
472 3081 506 3123 es
529 3059 683 3124 anniiohst
706 3059 757 3123 bei
780 3057 956 3122 Tertullian
980 3057 1110 3135 suchen,
1134 3079 1170 3122 so
1187 3081 1275 3123 wer-

97 3167 161 3232 den
194 3169 251 3231 wir
285 3189 319 3231 ee
353 3169 387 3230 in
421 3188 538 3232 unsern
572 3164 698 3229 Γ1101100
723 3187 806 3229 zwar
828 3164 919 3228 niohi
939 3163 1057 3242 finden,
1081 3164 1162 3228 wohl
1191 3164 1277 3231 aber

19 3280 26 3294 '
97 3273 203 3338 diuite
238 3271 272 3337 es
307 3273 376 3336 hier
408 3273 474 3337 und
508 3272 550 3336 da
584 3279 676 3339 anter
710 3273 813 3335 einem
847 3269 1068 3334 verdorbenen
1100 3269 1276 3353 infamare

98 3380 239 3444 stechen.
276 3378 319 3444 So
342 3378 504 3444 vielleiohi
525 3378 622 3463 Apol.
648 3379 700 3441 23.
730 3378 778 3454 „si
799 3377 889 3460 magi
907 3377 1145 3470 phantasmata
1168 3378 1278 3442 edunt

99 3491 128 3549 ei
149 3487 219 3550 mm
241 3486 471 3568 deformioram
493 3505 606 3548 ammes
627 3481 830 3565 infamat?
847 3482 933 3546 deun
946 3481 1001 3546 die
1017 3482 1126 3567 Magie
1141 3483 1274 3548 maehie

99 3592 168 3656 sioh
203 3591 397 3676 anheisehig,
433 3591 484 3655 die
506 3588 619 3654 Seelen
651 3611 708 3653 aus
732 3589 790 3653 der
811 3587 991 3654 Unterweli
1013 3588 1126 3656 heraui
1147 3611 1190 3652 uu
1213 3588 1274 3654 be·

99 3698 273 3775 sohwdrem
297 3697 379 3761 naoh
402 3699 440 3760 de
463 3697 588 3760 Anima
611 3697 674 3760 57:
704 3697 832 3778 „mayia
854 3695 985 3758 ammas
1008 3700 1216 3758 maeatmam
1238 3718 1276 3760 se

99 3805 140 3867 ab
172 3803 321 3885 inferam
354 3804 500 3867 imolam
521 3799 740 3885 pollicetar.”)
764 3801 966 3888 Quamquam
984 3822 1083 3865 nemo
1105 3804 1277 3885 negaverit

101 3909 233 3982 verbum
244 3908 400 3991 iayimare
415 3909 551 3971 sermoni
567 3906 605 3970 Τ.
619 3908 716 3992 plane
735 3917 844 3993 aptum
857 3930 928 3972 esse
940 3916 972 3970 et
984 3905 1273 3986 accommodatum,

101 4012 315 4076 confitendum
350 4016 418 4093 erit,
454 4013 515 4076 hoo
550 4012 620 4077 loon
657 4016 685 4076 si
712 4016 865 4098 seriptum
889 4022 984 4093 esset,
1010 4015 1117 4077 sensui
1140 4035 1274 4098 prorsus
