2808 4492
630 223 756 294 v160
867 254 871 264 ·

181 425 389 508 Reputare
412 452 454 481 =
478 427 673 506 existimare,
699 427 911 507 considerare,
936 431 1091 514 deputare
1108 432 1148 499 27
1167 429 1260 514 (168)
1279 441 1318 496 01

137 534 306 620 desperata
337 533 483 598 condicio
508 555 615 598 eorum
640 555 679 596 ex
702 532 983 617 praedamnatione
1007 537 1154 602 solatium
1176 544 1318 622 reputat

137 639 291 705 fruendae
314 642 439 704 interim
463 640 667 723 malignitatis
691 639 731 703 de
754 661 876 724 poenae
892 663 989 705 mora.
1008 643 1049 706 50
1063 640 1153 724 (267)
1167 643 1317 707 confessi

137 749 214 811 estis
237 747 341 811 labem
365 746 536 832 pudicitiae
560 744 645 831 apud
668 767 727 809 nos
751 749 939 811 atrociorem
963 751 1048 812 omni
1060 772 1164 834 poena
1178 758 1210 814 et
1222 753 1315 814 omni

137 860 237 917 morte
275 853 434 936 reputari.
472 851 605 916 Rbnsch
642 850 670 915 Ι.
706 875 736 916 11.
773 851 813 917 V.
848 875 901 937 pg.
937 855 1021 931 3873
1058 853 1179 921 Semne.
1206 857 1316 922 Beit-r.

136 982 163 1024 z.
195 959 235 1024 L.
258 959 331 1036 W.;
356 958 511 1043 Georges.
536 981 561 1022 s.
587 980 618 1020 V.
642 957 679 1020 Π
702 958 742 1021 Β.
766 957 1104 1037 Kaulen‚Handbuch
1128 983 1184 1024 zur
1206 961 1318 1048 Vulg.

136 1087 188 1150 pg.
212 1067 285 1129 229.

180 1169 403 1252 Requirere
437 1197 480 1225 =
507 1172 675 1254 inquirere
698 1172 718 1233 2
744 1168 810 1252 (14)
833 1171 948 1256 Neque
972 1175 1056 1236 enim
1080 1177 1234 1260 putaretis
1257 1197 1319 1239 re·

136 1278 297 1360 quireudu
331 1277 571 1362 quaestionibus
596 1278 726 1355 scelera.
752 1279 772 1340 4
797 1275 865 1359 (27)
888 1278 1037 1343 Incestus
1062 1303 1142 1359 sum,
1164 1304 1222 1345 cur
1244 1304 1318 1346 non

135 1384 332 1468 requirunt?
1041 1392 1044 1398 '

93 1471 95 1480 ’
169 1489 422 1556 11101101οᾱ010
445 1517 488 1544 =
511 1491 645 1568 abolere,
671 1492 788 1569 tollere,
812 1491 989 1574 iustruere
1016 1493 1056 1556 14
1080 1490 1147 1574 (80)
1171 1495 1321 1559 rescisse

135 1598 296 1662 damnatio
330 1600 546 1662 testimonium
581 1594 705 1662 Socrati
739 1596 879 1661 reddidit
909 1597 950 1662 ad
982 1598 1071 1662 Nau.
1104 1599 1149 1662 Π.
1175 1601 1195 1663 4
1220 1601 1320 1676 (343)

134 1704 249 1789 Itaque
272 1708 300 1769 si
315 1728 415 1790 aeque
430 1710 518 1772 01010
534 1726 634 1788 aeque
650 1703 838 1783 immobiles
856 1704 1033 1782 disceditur
1047 1706 1196 1771 vocabuli
1208 1709 1312 1771 inter-

136 1813 313 1897 pretatione
345 1814 463 1896 pariter
485 1819 518 1875 et
541 1809 717 1875 divinitatis
741 1812 901 1894 opinione,
926 1834 1007 1895 quae
1031 1834 1163 1877 acursu
1175 1820 1208 1877 et
1219 1822 1319 1878 motu

137 1917 298 1982 modulata
319 1919 526 1982 rescinditur.

180 2022 417 2089 Rescribere
429 2029 630 2104 :statuere
643 2010 846 2101 constituere,
859 2022 899 2087 de
911 2026 1137 2110 imperatorum
1149 2025 1320 2090 mandatis

135 2139 322 2216 usurpatum
357 2153 384 2194 0.
417 2132 454 2196 2:
489 2130 582 2194 Tunc
613 2129 769 2194 Traianus
792 2131 970 2213 rescripsit,
994 2130 1055 2194 hoc
1078 2153 1178 2215 genus
1202 2133 1318 2216 inqui·

135 2237 251 2302 rendos
276 2237 404 2322 quidem
427 2260 491 2305 non
515 2259 595 2315 esse,
620 2259 707 2322 sqq.;
732 2236 775 2302 01.
801 2234 888 2302 Suet.
912 2237 998 2322 Aug.
1023 2239 1084 2314 403
1102 2238 1145 2303 id.
1158 2239 1230 2303 Tib.
1245 2241 1318 2316 32;
1392 2251 1393 2256 ’

136 2343 211 2429 Dig.
239 2346 267 2408 1.
292 2344 396 2420 16.4;
423 2344 590 2420 18.1.71;
615 2344 765 2418 36.4.1;
789 2341 926 2428 Vopisc.
943 2343 1040 2408 Prob.
1068 2346 1125 2420 11;
1149 2346 1229 2410 Aur.
1254 2349 1318 2411 41.

179 2449 403 2532 Resignare
440 2477 482 2504 -τ
519 2471 671 2527 reserere,
710 2451 881 2527 recludere,
927 2451 1049 2514 uoure
1093 2453 1111 2515 6
1159 2448 1226 2532 (35)
1274 2463 1314 2516 ut

135 2564 310 2622 matronam
341 2557 382 2621 ob
419 2558 600 2641 resiquutos
638 2557 737 2621 cellae
775 2558 917 2620 vinariae
957 2557 1075 2620 loculos
1116 2559 1166 2620 sui
1199 2557 1314 2622 inedia

135 2666 287 2743 necarint,
313 2686 383 2748 sqq.
1300 2661 1306 2672 ’

177 2768 439 2850 Resipisoem,
479 2771 516 2834 17
554 2767 621 2852 (99)
656 2770 750 2847 Quae
787 2766 844 2849 (sc.
869 2766 997 2849 anima),
1021 2770 1097 2834 licet
1120 2770 1210 2852 falsis
1234 2770 1313 2836 deis
1371 2786 1380 2805 ⁸

135 2876 333 2954 exancillata,
369 2898 441 2940 cum
464 2884 571 2941 tamen
593 2876 766 2960 resipiscit,
791 2883 827 2938 ut
850 2897 889 2940 ex
909 2876 1048 2961 crapula,
1074 2925 1185 2940 .....
1212 2876 1313 2941 deum

135 2985 285 3047 nominat.

179 3087 452 3170 Resplendero
486 3114 529 3142 =
565 3091 670 3154 deuuo
704 3090 870 3173 splendere
905 3089 947 3152 48
980 3086 1068 3169 (254)
1091 3089 1164 3152 Lux
1187 3089 1315 3154 cotidie

134 3195 304 3260 interiecta
326 3198 514 3280 resplendet.
532 3194 586 3261 Of.
609 3195 710 3281 Verg.
736 3196 778 3260 A.
805 3197 856 3259 12.
876 3196 959 3271 7413
984 3193 1058 3260 Seu.
1082 3196 1196 3280 Agam.
1223 3199 1314 3272 543;

136 3301 191 3366 Sil.
219 3303 269 3366 12.
282 3305 300 3367 7
304 3305 345 3366 32
358 3327 365 3379 3
389 3303 502 3368 Manil.
528 3307 558 3368 5.
574 3303 655 3382 7193
680 3301 846 3368 Claudian.
860 3309 941 3388 rapt.
954 3301 1045 3366 Pros.
1060 3305 1090 3366 3.
1103 3303 1187 3377 4463
1210 3295 1314 3367 Clau-

135 3408 219 3473 dian.
244 3409 328 3473 laud.
353 3407 423 3473 Stil.
453 3411 481 3474 1.
509 3412 560 3475 16.
851 3461 863 3481 .

178 3513 440 3597 Respondere
465 3541 508 3570 =
530 3516 697 3600 spondere,
723 3515 902 3596 udfirruure
926 3515 969 3579 24
994 3513 1083 3596 (151)
1107 3514 1224 3579 Omnis
1249 3519 1313 3580 ista

135 3623 296 3688 0011100010
330 3624 456 3687 1110111111
490 3645 554 3708 qua
577 3645 611 3686 se
634 3621 712 3686 deos
737 3627 856 3704 eequut
879 3643 950 3685 esse
974 3644 1099 3706 quaque
1122 3643 1187 3685 non
1211 3621 1312 3686 alium

135 3728 231 3793 deum
263 3730 458 3812 respoudeat
491 3735 617 3813 praeter
652 3751 759 3806 unum,
792 3729 844 3791 cui
876 3748 934 3790 nos
966 3730 1194 3822 mancipamur,
1235 3750 1311 3812 sqq.

135 3832 190 3897 Ad
219 3834 308 3898 Natt.
331 3833 360 3898 Ι.
385 3835 415 3911 3,
440 3834 526 3917 quod
549 3835 764 3917 respondetur
786 3833 838 3897 vel
860 3838 1009 3916 ueqatur.
1057 3833 1109 3898 Of.
1135 3835 1231 3898 etiam
1254 3834 1310 3898 De

135 3939 224 4002 Test.
255 3939 392 4003 Animae
424 3961 451 4002 0.
476 3941 495 4002 3
525 3939 586 4016 ,Et
609 3962 679 4004 esse
704 3949 737 4004 01
759 3940 1026 4004 abominationem
1050 3943 1207 4005 sustinere
1231 3963 1311 4005 exe·

136 4045 293 4107 crationes
316 4052 389 4108 tuae
412 4045 635 4128 respoudeut.”
662 4046 804 4112 Dirksen
826 4046 988 4112 Manuale.
1012 4069 1105 4132 svp.
1131 4049 1206 4113 841.
