2788 4500
702 131 744 194 80

134 327 264 411 pissime
287 326 320 388 in
343 325 489 389 archaica
512 326 667 390 latinitate
684 335 717 389 et
732 324 818 411 apud
834 326 990 409 sequioris
1006 325 1121 388 aetatis
1137 325 1317 408 scriptores

134 430 265 509 obtinet,
284 433 295 470 ¹
323 430 408 516 apud
432 433 570 517 optimae
587 439 692 495 tamen
709 433 822 496 aetatis
839 431 1013 517 scriptores
1030 451 1102 494 raro
1113 431 1287 515 reperitur.
1304 427 1317 463 ²

135 539 154 600 2
180 535 248 619 (18)
271 536 312 600 In
334 536 427 602 nobis
451 538 526 602 solis
550 537 650 623 pudet
674 545 730 602 aut
751 540 840 624 piget
862 539 941 623 ipsis
957 535 1139 600 nominibus
1152 536 1317 600 scelerum

134 646 359 730 pronuntiare?
383 645 403 706 4
431 641 498 726 (24)
512 719 515 728 ,
529 645 692 708 Miramini
718 645 879 709 hominem
902 650 957 708 ant
980 665 1084 707 errare
1107 629 1260 728 potuisse
1284 645 1319 705 in

132 752 203 836 lege
226 750 394 815 condenda
416 759 471 815 aut
493 753 666 847 resipuisse
689 754 723 815 in
747 749 969 837 reprobanda?
994 750 1014 812 4
1039 747 1106 831 (24)
1130 749 1207 814 Non
1229 752 1320 814 enim

95 897 98 902 -
134 865 166 920 et
199 858 300 942 ipsius
334 856 474 942 Lycurgi
509 858 595 942 leges
631 880 649 922 a
676 849 943 923 Lacedaemoniis
974 855 1160 921 emendatae
1184 864 1320 920 tantum

134 965 256 1026 auctori
291 985 348 1028 suo
372 951 474 1032 dolori
497 966 708 1043 incusserunt,
733 967 825 1027 utin
848 985 978 1028 secessu
1001 962 1108 1027 inedia
1128 962 1169 1026 de
1195 971 1320 1026 semet-

56 1097 58 1103 *
132 1071 205 1155 ipso
229 1067 397 1135 iudicarit?
423 1070 463 1132 12
488 1067 557 1151 (72)
581 1070 757 1134 Possumus
782 1073 866 1135 enim
890 1069 995 1135 videri
1009 1068 1136 1134 laedere
1153 1091 1209 1133 eos
1229 1092 1321 1154 qnos

134 1176 212 1239 certi
248 1198 356 1239 sumus
392 1179 521 1240 omnino
555 1198 619 1240 non
655 1180 749 1242 esse?
784 1179 826 1241 23
851 1173 942 1258 (142)
975 1176 1061 1247 Non¹
1082 1197 1156 1259 ergo
1181 1168 1327 1260 dignius¹

133 1289 353 1367 praesumetur
373 1285 462 1368 ipsos
486 1304 557 1347 esse
582 1286 637 1368 qui
660 1306 694 1348 se
718 1283 795 1348 deos
818 1283 959 1371 faciant.
975 1305 1049 1346 cum
1072 1281 1184 1346 eadem
1208 1281 1320 1346 edant

133 1411 214 1473 quae
248 1388 370 1453 faciant
404 1369 481 1454 deos
514 1377 612 1468 credi,
649 1414 744 1475 quam
777 1413 870 1477 pares
896 1391 1017 1475 angelis
1042 1397 1074 1453 et
1096 1389 1319 1453 daemonibus

61 1555 64 1572 ,
133 1494 211 1560 deos
242 1499 335 1560 esse?
365 1497 408 1559 23
433 1493 522 1578 (140)
556 1497 667 1582 Magia
696 1506 752 1562 aut
779 1498 886 1582 aliqua
908 1495 1065 1560 eiusmodi
1089 1495 1222 1559 fallacia
1247 1497 1318 1560 fieri

135 1600 263 1666 dicitis?
287 1603 328 1665 25
354 1599 444 1684 (161)
467 1601 581 1669 Vellet
602 1603 687 1668 Juno
711 1601 1000 1668 Punicam'urbem
1017 1599 1200 1687 posthabita
1214 1599 1320 1666 Samo

135 1707 284 1772 dilectam
316 1707 356 1773 ab
391 1709 616 1774 Aeneadarum
649 1711 759 1794 utique
793 1717 888 1794 gente
916 1708 1040 1772 deleri?
1065 1708 1106 1770 25
1120 1704 1214 1788 (163)
1243 1708 1320 1792 Age

134 1816 207 1892 iam,
223 1814 318 1878 rebus
341 1815 453 1900 religio
468 1816 667 1902 profecerit?
683 1817 726 1880 32
744 1813 833 1898 (178)
850 1815 992 1880 Nescitis
1008 1817 1119 1898 genios
1136 1813 1322 1879 daemonas

135 1919 200 1984 diei
223 1928 256 1984 et
278 1920 352 1985 inde
376 1921 566 1986 diminutiva
588 1945 670 1988 voce
693 1921 884 1986 daemonia?
908 1923 951 1986 36
980 1918 1070 2004 (189)
1094 1921 1171 1985 Non
1194 1944 1323 2006 possu-

135 2049 205 2090 mus
237 2035 271 2091 et
290 2026 428 2092 Romani
451 2051 517 2093 non
540 2051 610 2093 esse
634 2037 666 2093 et
685 2028 805 2106 hostes
831 2050 901 2092 esse
926 2050 997 2092 cum
1021 2027 1130 2091 hostes
1151 2031 1324 2112 reperian-

134 2142 186 2196 tur
210 2135 264 2218 qui
286 2133 424 2197 Romani
444 2133 665 2199 habebantur?
690 2136 732 2198 38
746 2132 836 2216 (196)
860 2134 1000 2199 Proinde
1021 2156 1082 2199 nec
1094 2134 1189 2219 paulo
1206 2134 1323 2200 lenius

135 2242 218 2303 inter
248 2241 350 2304 licitas
379 2239 538 2304 factiones
567 2249 687 2304 sectam
716 2242 810 2308 istam
833 2240 979 2327 deputari
1003 2233 1181 2327 oportebat,
1205 2261 1230 2306 a
1258 2265 1325 2327 qua

135 2347 213 2410 nihil
232 2347 295 2411 tale
317 2349 533 2426 committitur,
555 2348 647 2432 quale
667 2346 707 2411 de
731 2347 860 2412 inlicitis
877 2336 1071 2412 factionibus
1088 2349 1193 2411 timeri
1211 2349 1324 2412 solet?

135 2454 177 2517 40
192 2449 281 2534 (210)
306 2451 340 2516 si
363 2451 489 2516 Tiberis
514 2453 661 2518 ascendit
683 2456 716 2517 in
725 2456 849 2518 moenia
863 2489 904 2497 -
918 2476 987 2539 sqq.
1001 2453 1122 2518 Tantos
1135 2452 1178 2517 ad
1190 2458 1324 2519 unum?

136 2561 231 2626 Dnne
264 2561 532 2644 intenoqatmnes
566 2582 821 2644 nonnumquam
844 2581 912 2624 nno
942 2560 1085 2624 membm
1100 2559 1322 2642 ι0001116101ον1

136 2665 221 2752 quod
254 2664 489 2742 Graecissantis
513 2664 612 2730 estz³
638 2663 780 2747 19(112)
806 2664 1004 2731 Graecorum
1023 2668 1119 2730 etiam
1141 2669 1322 2732 censuales

135 2772 332 2850 conferendi,
354 2781 390 2836 ut
412 2794 494 2859 qnae
517 2774 648 2855 qnando
671 2773 740 2836 sint
761 2778 860 2855 qesta,
884 2781 920 2835 ut
935 2774 1222 2838 concatenationes
1236 2781 1323 2838 tem·

134 2902 248 2965 porum
270 2863 460 2966 aperiantur,
484 2903 542 2966 per
563 2902 644 2965 quae
667 2880 794 2943 luceant
817 2881 978 2944 annalium
1001 2882 1144 2957 numeri;
1167 2880 1199 2943 h.
1232 2905 1265 2946 e.
1286 2889 1324 2946 nt

133 2986 329 3070 aperiantur
353 3007 496 3069 quaeque
519 2987 649 3068 qtnndo
665 2985 734 3049 sint
747 2991 846 3070 qesta.
872 2987 914 3050 22
928 2983 1018 3068 (138)
1032 2985 1135 3070 Igitur
1146 2999 1322 3054 momento

132 3093 251 3177 ubique
275 3102 358 3176 sunt,
382 3101 466 3158 totus
490 3092 576 3156 orbis
600 3091 662 3155 illis
686 3092 776 3156 locus
800 3114 881 3155 unus
906 3100 964 3170 est,
989 3093 1071 3174 qnid
1095 3093 1155 3155 nbi
1172 3102 1322 3176 perator

132 3208 198 3264 tam
221 3199 316 3265 facile
340 3201 445 3264 sciunt
468 3221 563 3283 quam
586 3196 784 3262 adnuntiant.
808 3198 850 3260 48
865 3194 955 3278 (251)
980 3198 1093 3261 Multis
1117 3201 1221 3264 etiam
1236 3204 1321 3268 iocis

133 3313 173 3370 ex
196 3309 261 3371 otio
285 3329 365 3393 opus
389 3308 458 3384 erit,
485 3306 511 3368 si
535 3301 670 3368 velimus
687 3302 728 3367 ad
752 3303 835 3368 hanc
859 3312 981 3389 partem
1005 3304 1164 3387 lascivire,
1182 3311 1323 3390 'qnisin

133 3435 233 3496 qtncn
256 3414 390 3478 bestiam
412 3412 578 3477 reformari
597 3409 769 3474 videretur.

172 3631 180 3657 ¹
199 3631 305 3684 Kellncr
324 3630 446 3701 Sprachl.
466 3629 527 3698 Eig.
546 3627 619 3680 Tert.

170 3729 179 3756 ¹
202 3721 313 3774 Kilbner
331 3720 378 3772 III
397 3737 425 3789 p.
446 3719 497 3772 999
518 3717 534 3784 6
554 3717 631 3769 ansa.
650 3715 769 3782 Draeqn
787 3714 811 3768 I.
830 3732 857 3784 p.
877 3715 929 3770 308
948 3733 1005 3786 sqq.

172 3807 306 3861 aKellner
333 3807 457 3876 Sprachl.
475 3805 602 3874 Eigenth.
621 3803 693 3856 Tert.
705 3823 712 3868 ;
731 3803 765 3856 cf.
785 3803 912 3858 Hildebr.
936 3805 971 3859 ad
990 3805 1094 3860 Amob.
1114 3806 1138 3860 Ι.
1157 3809 1215 3864 48:
1243 3815 1321 3883 ‚quis

134 3895 200 3948 deus
211 3901 269 3974 'aut
285 3911 340 3962 quo
358 3899 479 3961 tempore
498 3893 542 3945 cui
558 3893 642 3945 fuerit
660 3892 834 3956 auxiliatus,”
855 3893 890 3947 ad
900 3911 981 3964 quem
991 3894 1082 3948 locum
1092 3895 1176 3964 plura
1185 3902 1322 3971 exempla

135 3998 170 4033 ex
188 3981 282 4035 eodem
300 3980 429 4047 scriptore
448 3984 558 4047 sumpta
573 3985 770 4047 proponuntur.
