2788 4500
627 171 766 286 53'

76 415 214 480 obsoniis
249 423 394 495 coenant,
430 417 483 500 qui
517 417 556 480 de
584 438 672 502 apr0,
705 418 759 500 qni
781 418 820 480 de
841 438 938 490 cervo
961 423 1082 502 petunt.
1109 416 1150 480 10
1175 412 1243 497 (61)

75 523 195 588 Tamen
217 525 246 586 si
267 522 362 588 homo
385 521 551 601 Saturnus,
575 524 684 608 ntique
708 545 747 588 ea
769 524 906 603 homine,
923 531 956 588 et
967 525 1041 607 quia
1051 523 1092 587 ab
1103 523 1242 601 homine,

76 651 138 693 non
158 631 270 714 ntique
292 631 330 693 da
351 629 441 694 caelo
464 637 497 694 et
518 637 611 694 terra
636 627 697 712 (ea,
721 631 771 713 ab,
794 632 833 694 de
849 629 934 694 idem
949 629 1011 694 hoc
1026 629 1096 694 1000
1112 627 1244 710 valent).

79 737 115 799 11
140 733 210 816 (64)
243 733 332 801 Vani
368 743 460 800 erunt
493 736 648 815 homines,
675 738 738 800 nisi
760 739 840 802 certi
863 743 946 814 sunt,
971 757 1095 800 omnem
1119 735 1245 820 frugem

75 850 145 906 ante
180 841 333 906 Liberum
359 850 394 906 et
415 840 566 907 Cererem
589 850 622 906 et
643 842 836 921 Minervam,
860 844 956 908 immo
979 850 1053 908 ante
1075 842 1163 906 illurn
1186 842 1244 906 ali·

75 971 167 1031 quem
191 949 368 1034 principem
390 948 552 1013 hominum
576 949 613 1012 de
635 956 720 1012 terra
743 948 945 1014 exuberasse.
970 945 1143 1029 (Videmus
1165 948 1196 1012 h.
1223 949 1243 1014 l.

76 1057 341 1141 praepositionem
363 1056 400 1119 de
423 1057 577 1141 usurpari,
602 1063 637 1118 ut
651 1063 772 1120 motum
788 1077 829 1120 ex
842 1054 992 1120 inferiore
1004 1057 1038 1120 in
1049 1057 1244 1142 superiorem

74 1161 178 1225 locum
209 1160 331 1226 factum
353 1160 518 1246 significet,
542 1183 733 1247 quamquam
755 1164 788 1225 in
812 1161 895 1226 bona
915 1162 1071 1227 latinitate
1094 1159 1246 1227 movendi

74 1289 114 1330 ex
137 1269 300 1353 superiore
312 1269 345 1331 in
362 1267 545 1332 inferiorem
558 1265 663 1333 locum
674 1267 770 1334 habet
783 1269 1045 1353 significationem
1058 1268 1101 1332 cf.
1116 1273 1245 1352 tangere

74 1375 111 1437 de
133 1372 250 1454 00010.)
265 1370 273 1404 ¹
290 1375 329 1437 12
344 1370 412 1454 (68)
434 1381 466 1438 01
477 1395 568 1446 sacra
580 1375 618 1438 de
631 1374 747 1439 fabulis
759 1396 964 1459 recognosco.
977 1374 1018 1438 13
1042 1371 1110 1456 (76)
1123 1396 1196 1438 cum
1207 1376 1245 1438 da

75 1479 278 1564 paedagogiis
306 1480 417 1545 aulicis
451 1483 561 1546 nescio
596 1504 690 1566 quem
714 1481 828 1566 synodi
850 1482 946 1547 deum
967 1481 1083 1547 facitis.
1111 1481 1151 1544 13
1176 1477 1243 1561 (72)

74 1585 278 1650 Domesticos
293 1585 381 1665 deca,
406 1609 485 1672 quos
502 1587 602 1653 Lares
615 1588 731 1667 dicitis,
745 1588 921 1654 domestica
932 1596 1090 1674 potestate
1101 1589 1245 1652 tractatis

14 1665 19 1770 1
76 1691 282 1776 pignerando,
295 1693 502 1774 venditando,
515 1694 719 1766 demutando,
731 1695 902 1780 aliquando
926 1697 959 1759 iu
979 1694 1186 1760 caccabulum
1208 1695 1246 1758 de

79 1798 226 1875 Sammo,
239 1800 410 1887 aliquando
433 1801 466 1863 in
482 1801 609 1865 tr'ullam
620 1803 658 1866 de
669 1802 828 1867 Minerva.
844 1803 884 1867 14
897 1799 965 1884 (77)
976 1800 1132 1866 Laudabo
1144 1805 1245 1886 magis

76 1908 275 1992 sapientiam,
311 1905 397 2000 quod
427 1908 466 1971 de
499 1907 625 1993 perdito
659 1908 779 1993 aliquid
815 1909 946 1995 eripitis.
983 1908 1024 1972 15
1049 1904 1123 1989 (86)
1150 1907 1246 1972 Certe

75 2013 221 2097 sacrilegi
255 2015 293 2077 de
324 2015 440 2078 vestris
464 2035 590 2100 semper
612 2014 902 2101 adprehenduntur.
928 2015 968 2079 16
993 2012 1246 2099 (87)((0110110
1337 2083 1341 2090 ,

72 2122 112 2184 (10
147 2128 241 2204 pastu
273 2127 383 2205 potum
406 2123 536 2206 petituri
558 2121 817 2186 aestimabantur.
846 2121 885 2185 19
911 2118 1001 2202 (106)
1024 2122 1169 2206 Moyses
1193 2123 1247 2206 qui

75 2227 139 2290 rim
175 2226 358 2310 cataclysmi
393 2229 430 2292 de
464 2229 636 2313 praeterito
667 2249 802 2292 ’exorsus
834 2235 893 2292 est.
918 2229 958 2292 21
985 2225 1075 2309 (125)
1099 2250 1172 2292 cum
1195 2227 1247 2290 ille

71 2331 172 2396 verbo
196 2331 363 2397 daemonia
385 2334 422 2397 de
444 2333 624 2399 hominibus
648 2341 821 2400 excuteret.
841 2336 883 2398 22
901 2331 991 2415 (136)
1009 2331 1074 2398 Sed
1086 2332 1246 2418 quomodo
1378 2343 1379 2400 J

70 2440 110 2502 de
144 2439 266 2522 angelis
301 2438 491 2523 quibfiam
523 2463 581 2506 sna
601 2448 729 2526 sponte
764 2443 922 2527 corruptis
956 2442 1134 2527 corruptior
1166 2462 1245 2524 gens

69 2545 265 2609 daemonum
301 2549 448 2611 evaserit.
485 2548 527 2611 23
553 2545 644 2628 (144)
680 2549 735 2632 qui
768 2549 831 2612 aris
865 2546 1041 2612 inhalantes
1068 2568 1185 2611 numen
1208 2549 1245 2610 de

71 2651 184 2716 nidore
219 2655 413 2739 concipiunt.
447 2655 490 2718 23
515 2651 606 2735 (148)
644 2657 670 2718 01
706 2663 780 2740 post
814 2661 947 2718 mortem
974 2653 1011 2716 de
1034 2651 1245 2738 sepulchroa

68 2758 239 2844 discipulis
262 2759 457 2845 subreptus?
481 2761 522 2824 27
548 2759 639 2843 (168)
662 2769 695 2826 01
710 2783 790 2845 quos
806 2763 844 2825 de
860 2761 1032 2845 longinquo
1048 2769 1243 2845 oppugnant,

66 2867 108 2928 de
131 2867 275 2950 proximo
299 2853 476 2931 obsecrant.
501 2869 543 2932 29
568 2865 659 2949 (171)
683 2890 738 2932 000
761 2869 850 2953 ipsae
873 2868 1023 2932 materiae
1046 2867 1083 2930 de
1105 2867 1241 2930 metallis

68 2971 247 3036 Caesarum
268 2974 411 3036 veniunt.
436 2973 478 3038 30
503 2971 593 3054 (174)
617 2975 751 3058 quiade
775 2981 905 3059 pectore
929 2995 1065 3038 oramus.
1089 2973 1132 3036 30
1150 2969 1239 3054 (176)

65 3080 247 3142 orationem
269 3080 307 3143 de
330 3101 425 3144 carne
448 3079 574 3165 pudica,
598 3081 636 3143 de
651 3082 757 3144 anima
771 3081 943 3158 innocenti,
955 3081 993 3144 de
1005 3081 1118 3165 spiritu
1129 3087 1250 3144 sancto·

67 3184 259 3269 profectam.
282 3187 325 3249 32
350 3183 439 3266 (178)
464 3185 615 3251 Ceterum
637 3186 819 3266 daemonas,
842 3186 876 3251 id
899 3193 949 3251 est
962 3188 1083 3271 genios,
1096 3184 1240 3250 adiurare

63 3293 305 3369 consuevimus
329 3300 365 3355 ut
387 3292 457 3356 illos
480 3293 517 3356 de
539 3292 719 3357 hominibus
736 3295 906 3378 exigamus.
918 3293 960 3357 35
974 3289 1064 3372 (187)
1076 3290 1174 3356 Unde
1186 3295 1240 3376 qui

61 3398 180 3461 armati
205 3397 357 3482 palatium
380 3399 585 3484 inrumpunt?
609 3398 659 3462 De
681 3398 846 3477 Romanis,
870 3400 932 3462 nisi
955 3397 1058 3474 fallor,
1082 3396 1116 3461 id
1138 3406 1188 3462 est
1202 3399 1240 3462 de

63 3501 352 3568 non-Christianis.
389 3505 431 3568 35
467 3501 558 3586 (186)
592 3503 671 3568 nihil
706 3505 863 3570 hosticum
897 3507 935 3570 de
957 3507 1028 3590 ipso
1052 3513 1173 3583 senatu,
1198 3504 1239 3569 de

61 3611 186 3693 equite,
211 3608 252 3673 de
274 3611 398 3688 castris,
422 3609 462 3674 de
485 3611 611 3696 palatiis
635 3613 713 3697 ipsis
737 3614 847 3697 spirat.
872 3612 913 3675 37
932 3608 1021 3692 (192)
1044 3610 1130 3697 Ipsis
1154 3611 1239 3676 Bae·

102 3875 110 3900 ¹
130 3876 168 3929 01.
197 3873 234 3927 ad
252 3874 318 3928 Nat.
337 3874 377 3929 II.
398 3875 449 3929 14:
467 3875 541 3930 hunc
559 3891 606 3930 vos
624 3875 655 3928 da
673 3891 742 3944 pyra
760 3874 788 3926 in
806 3873 913 3928 coelum
930 3872 1099 3928 sublevastis.
1118 3872 1153 3926 ad
1172 3873 1238 3927 Nat.

59 3965 101 4019 II.
121 3967 159 4018 4:
191 3980 300 4016 sursum
319 3981 395 4017 mens
413 3963 559 4018 ascendere
576 3962 672 4018 debuit
689 3963 720 4016 de
737 3967 812 4016 statu
830 3961 934 4026 mundi,
953 3977 1008 4016 non
1027 3961 1055 4014 in
1074 3962 1176 4016 incerta
1194 3961 1238 4014 de-

54 4052 199 4110 scandere.
