2808 4492
654 162 715 224 156
848 133 850 138 ’

63 333 65 338 ¹
96 356 268 438 scriptores
293 353 325 418 id
349 355 483 418 verbum
506 357 667 418 invenitur
688 381 731 409 =
749 358 902 440 plurare3
928 357 970 422 cf.
984 357 1104 421 Pacuv.
1118 379 1169 441 ap.
1182 355 1271 420 Non.
1399 389 1400 434 1

96 483 127 544 p.
156 461 229 524 111.
254 462 317 533 20;
343 460 432 524 Ourt.
457 462 489 525 4.
516 462 568 525 13.
596 462 659 537 15;
683 463 715 526 4.
741 464 770 527 7.
795 464 857 539 24;
882 461 970 527 Suet.
994 462 1098 527 Galba
1123 463 1163 546 73
1188 461 1270 526 Tac.

95 565 183 630 Ann-
211 568 261 630 15.
296 567 361 639 44;
397 566 541 630 prudent
563 573 628 641 περὶ
646 590 723 643 orep.
747 571 778 633 3,
803 569 889 645 215;
914 570 1021 633 Amm.
1047 569 1098 633 19.
1126 569 1187 644 12;
1215 569 1270 632 16.

98 673 238 747 12;’31.
264 673 306 745 2;
330 672 418 758 App.
441 673 523 737 Met.
548 675 579 738 2.
604 698 635 759 p.
662 675 734 739 119.
762 677 823 744 17.
861 674 866 680 ’

140 776 358 842 Pioseoare
381 804 424 832 =
444 781 642 862 sacrificare,
675 783 693 845 9
719 777 786 862 (48)
810 783 911 846 maior
933 790 1019 846 aetas
1043 779 1128 865 apud
1154 775 1269 844 Gallos
1400 769 1401 786 ¹

94 883 258 948 Mercurio
287 871 501 968 prosecutur,·
537 887 578 949 46
616 885 705 968 (234)
745 888 955 970 gallinaceum
984 908 1155 971 prosecure
1178 886 1271 951 Aes-

94 990 230 1074 culapio.
267 1024 308 1033 —
344 990 451 1054 Locus
487 993 598 1056 similis
632 992 783 1056 librorum
818 993 858 1058 ad
892 993 981 1058 Natt.
1017 993 1063 1057 H.
1101 994 1131 1056 3.
1167 991 1271 1057 habet

93 1117 209 1160 secure.
245 1132 286 1140 -
323 1096 375 1160 Of.
411 1097 451 1161 de
485 1098 546 1162 hoo
579 1120 740 1163 sacrorum
768 1099 925 1164 vocabulo
952 1098 1195 1162 Drakenborch.
1223 1097 1271 1162 ad

94 1200 167 1265 Liv.
202 1202 321 1282 XXV,
359 1189 409 1267 16.
444 1204 598 1269 Buenem.
634 1204 675 1268 ad
698 1205 845 1270 Laetant.
869 1205 950 1269 Inst.
975 1205 1052 1268 Div.
1076 1203 1141 1282 III,
1166 1204 1208 1267 20
1233 1213 1272 1268 61
1401 1259 1402 1280 ,

92 1305 157 1386 IV,
182 1310 237 1373 27.
1401 1311 1402 1318 '

138 1412 383 1496 Prosperare
408 1418 427 1480 6
453 1414 520 1498 (36)
544 1416 611 1482 Ubi
636 1426 685 1482 est
706 1419 760 1482 illa
783 1417 920 1482 felicitas
936 1418 1208 1482 matrimoniorum
1224 1416 1272 1480 de

93 1522 234 1585 moribus
269 1525 378 1607 utique
409 1530 627 1607 prosperum·
660 1523 703 1588 cf.
738 1523 819 1587 Hor.
855 1546 951 1587 carm.
978 1546 1061 1588 saec.
1100 1524 1161 1597 18;
1185 1522 1271 1587 Tac.

93 1625 180 1691 Hist.
206 1630 236 1692 4.
263 1630 326 1706 53;
350 1630 436 1693 Anu.
462 1632 492 1694 3.
518 1633 581 1707 56;
606 1632 712 1695 Amm.
740 1632 790 1695 18.
816 1633 855 1707 6;
879 1631 983 1694 Ρ1661.
1008 1628 1082 1694 Cas.
1109 1631 1138 1693 5.
1152 1630 1182 1692 4.
1198 1630 1271 1705 26;

92 1733 181 1798 Pers
207 1736 238 1798 2.
264 1737 294 1799 3.
321 1738 383 1813 11;
408 1735 484 1802 Val.
508 1736 597 1802 Max.
624 1741 653 1803 7.
678 1740 709 1802 2.
735 1740 764 1802 5.
940 1752 943 1757 “

136 1838 328 1906 Prostare
351 1868 394 1896 =
416 1844 455 1907 iu
479 1850 651 1928 conspeetu
673 1845 824 1908 oninium
846 1849 942 1920 sture,
966 1844 1006 1907 16
1020 1839 1087 1923 (96)
1101 1841 1145 1905 Et
1155 1849 1273 1906 tamen

93 1955 212 2029 quanto
246 1947 451 2032 distinguitur
484 1973 503 2014 a
538 1952 641 2015 crucis
676 1953 785 2036 stipite
819 1949 925 2014 Pallas
956 1949 1077 2026 Attica,
1108 1955 1139 2012 et
1162 1946 1272 2012 Ceres

22 2097 24 2102 -
88 2053 216 2132 Pharia,
241 2076 322 2138 quae
346 2057 414 2120 sine
439 2056 544 2141 effigie
567 2056 639 2121 rudi
662 2056 734 2142 palo
759 2065 791 2122 et
813 2056 942 2121 informi
965 2057 1051 2140 ligno
1070 2059 1208 2137 proslut.

132 2158 351 2225 Provooari
373 2164 417 2226 ud
440 2164 623 2228 tribunalia
644 2189 687 2217 =
710 2163 829 2242 uocari,
854 2162 961 2239 citari,
986 2163 1028 2225 50
1054 2157 1143 2241 (266)
1160 2159 1271 2224 Ρ666-

67 2267 166 2329 'lium
201 2275 250 2330 est
283 2269 375 2332 nobis
412 2269 498 2353 quod
530 2291 750 2354 provocamur
771 2271 815 2333 ud
838 2269 1030 2346 tribunalia,
1054 2275 1090 2330 ut
1112 2266 1178 2330 illie
1200 2267 1270 2331 sub

90 2371 272 2438 discrimine
296 2377 410 2460 capitis
434 2398 492 2460 pro
515 2378 649 2440 veritate
673 2384 840 2441 certemus
915 2425 917 2428 -

111 2463 353 2558 Publiusne,
377 2483 419 2544 42
448 2479 538 2563 (221)
562 2504 675 2568 operas
698 2490 823 2546 nostras
832 2482 1042 2564 publicamus
1056 2480 1127 2542 usui
1137 2485 1266 2542 vestro.

89 2584 140 2648 Of.
177 2585 218 2649 ad
252 2586 327 2650 Nat.
361 2586 389 2652 Ι.
431 2589 471 2652 16
508 2586 597 2670 (320)
626 2589 842 2671 Quotcunque
866 2587 1030 2664 adulteria,
1055 2592 1270 2670 quotcunque

133 2795 300 2863 Pulsare
336 2801 354 2863 9
391 2796 459 2880 (56)
495 2799 584 2875 Quot
612 2799 710 2862 vultis
734 2821 773 2862 ex
796 2795 845 2862 his
869 2796 1146 2863 circumstantibus
1170 2803 1204 2858 61
1231 2797 1270 2861 in

89 2902 342 2968 Christianorum
378 2908 566 2990 sangninem
599 2905 770 2985 hiantibus,
796 2929 835 2970 ex
858 2907 937 2990 ipsis
961 2907 1056 2969 etiam
1078 2902 1171 2967 vobis
1195 2904 1272 2968 ius·

88 3011 220 3073 tissimis
256 3018 288 3074 et
322 3013 532 3075 severissimis
566 3013 600 3073 in
631 3033 690 3074 nos
714 3011 914 3096 praesidibus
938 3010 1023 3096 apud
1046 3010 1273 3074 conscientias

84 3119 225 3199 putrem,
259 3121 331 3202 sq?
363 3120 405 3182 20
430 3116 520 3199 (114)
544 3117 686 3182 Eaedem
710 3139 807 3183 voces
832 3125 955 3195 sonant,
980 3116 1110 3180 eaedem
1134 3115 1274 3182 litterae

87 3231 210 3302 notant,
250 3224 334 3288 idem
373 3227 502 3309 spiritus
537 3226 662 3307 pulsat,
699 3247 797 3287 unum
830 3232 955 3308 tempus
991 3231 1039 3288 est
1069 3221 1277 3290 divinationi

87 3327 196 3393 futura
220 3330 391 3414 praefanti;
417 3352 486 3415 sqq.

131 3433 313 3516 Purgare
351 3436 524 3500 insolenter
546 3435 716 3500 adhibetur
739 3437 759 3500 2
784 3432 852 3516 (10)
878 3433 942 3499 Sed
966 3434 1156 3500 Christianis
1181 3437 1278 3503 solis

87 3542 166 3604 nihil
200 3544 394 3627 permittitur
427 3544 513 3627 loqui
546 3541 632 3626 quod
666 3564 795 3606 causam
824 3547 954 3626 purpet,
985 3563 1055 3625 sqq.
1087 3541 1106 3602 6
1131 3535 1204 3621 (38)
1236 3556 1284 3610 61

87 3649 173 3711 viam
207 3648 285 3711 mihi
319 3648 360 3713 ad
383 3648 601 3712 manifestiora
619 3669 769 3732 purperu.
794 3649 834 3712 21
862 3645 952 3729 (126)
977 3647 1059 3726 Cum
1082 3646 1134 3709 ille
1159 3649 1284 3718 verbo

88 3751 255 3816 daemonia
276 3753 316 3818 de
347 3754 528 3819 hominibus
552 3761 724 3832 excuteret,
749 3776 861 3818 caecos
881 3754 1093 3833 reluminaret,
1118 3753 1286 3836 leprosos

83 3863 252 3939 purpurei.
1107 3903 1110 3909 ·
1179 3905 1183 3916 ‚

133 3958 321 4046 Radiare,
359 3966 396 4027 11
434 3962 502 4046 (64)
537 3964 627 4031 Vani
663 3973 755 4030 erunt
776 3965 930 4045 homines
954 3968 1016 4030 nisi
1039 3967 1120 4031 certi
1142 3968 1231 4050 sint,
1263 3998 1290 4041 a
