<?xml version="1.0" encoding="UTF-8"?>
<!DOCTYPE html PUBLIC "-//W3C//DTD XHTML 1.0 Transitional//EN"
    "http://www.w3.org/TR/xhtml1/DTD/xhtml1-transitional.dtd">
<html xmlns="http://www.w3.org/1999/xhtml" xml:lang="en" lang="en">
 <head>
  <title>
</title>
<meta http-equiv="Content-Type" content="text/html;charset=utf-8" />
  <meta name='ocr-system' content='tesseract 3.04.00' />
  <meta name='ocr-capabilities' content='ocr_page ocr_carea ocr_par ocr_line ocrx_word'/>
</head>
<body>
  <div class='ocr_page' id='page_1' title='image "./delatinitatequa01blokgoog_0088.png"; bbox 0 0 2788 4500; ppageno 0'>
   <div class='ocr_carea' id='block_1_1' title="bbox 596 162 698 266">
    <p class='ocr_par' dir='ltr' id='par_1_1' title="bbox 596 162 698 266">
     <span class='ocr_line' id='line_1_1' title="bbox 596 162 698 266; baseline 0.01 -1"><span class='ocrx_word' id='word_1_1' title='bbox 596 162 698 266; x_wconf 64' lang='lat'>&#39;75</span> 
     </span>
    </p>
   </div>
   <div class='ocr_carea' id='block_1_2' title="bbox 1 393 1270 1870">
    <p class='ocr_par' dir='ltr' id='par_1_2' title="bbox 1 393 1265 1223">
     <span class='ocr_line' id='line_1_2' title="bbox 88 393 1264 481; baseline 0.001 -24"><span class='ocrx_word' id='word_1_2' title='bbox 88 394 277 479; x_wconf 90' lang='lat' dir='ltr'>plerumque</span> <span class='ocrx_word' id='word_1_3' title='bbox 309 397 457 459; x_wconf 84' lang='lat' dir='ltr'>mortium</span> <span class='ocrx_word' id='word_1_4' title='bbox 490 404 618 460; x_wconf 84' lang='lat' dir='ltr'>vastant</span> <span class='ocrx_word' id='word_1_5' title='bbox 652 393 782 477; x_wconf 79' lang='lat' dir='ltr'>(locales</span> <span class='ocrx_word' id='word_1_6' title='bbox 818 418 944 481; x_wconf 92' lang='lat' dir='ltr'>quoque</span> <span class='ocrx_word' id='word_1_7' title='bbox 967 394 1075 460; x_wconf 80' lang='lat' dir='ltr'>clades</span> <span class='ocrx_word' id='word_1_8' title='bbox 1100 393 1195 476; x_wconf 76' lang='lat' dir='ltr'>Eoi).</span> <span class='ocrx_word' id='word_1_9' title='bbox 1221 395 1264 458; x_wconf 85' lang='lat'>39</span> 
     </span>
     <span class='ocr_line' id='line_1_3' title="bbox 87 496 1264 585; baseline 0.003 -24"><span class='ocrx_word' id='word_1_10' title='bbox 87 496 180 579; x_wconf 97' lang='grc'><strong>(200)</strong></span> <span class='ocrx_word' id='word_1_11' title='bbox 215 498 404 581; x_wconf 85' lang='lat' dir='ltr'>Praesident</span> <span class='ocrx_word' id='word_1_12' title='bbox 430 501 562 584; x_wconf 77' lang='lat' dir='ltr'>probuti</span> <span class='ocrx_word' id='word_1_13' title='bbox 583 502 703 585; x_wconf 77' lang='lat' dir='ltr'>quique</span> <span class='ocrx_word' id='word_1_14' title='bbox 727 505 878 580; x_wconf 65' lang='lat' dir='ltr'>seniores</span> <span class='ocrx_word' id='word_1_15' title='bbox 902 502 1056 566; x_wconf 84' lang='lat' dir='ltr'>honorem</span> <span class='ocrx_word' id='word_1_16' title='bbox 1078 503 1175 565; x_wconf 88' lang='lat' dir='ltr'>istum</span> <span class='ocrx_word' id='word_1_17' title='bbox 1198 524 1264 565; x_wconf 84' lang='lat' dir='ltr'>non</span> 
     </span>
     <span class='ocr_line' id='line_1_4' title="bbox 86 604 1262 693; baseline 0.003 -26"><span class='ocrx_word' id='word_1_18' title='bbox 86 606 202 690; x_wconf 86' lang='lat' dir='ltr'>pretio,</span> <span class='ocrx_word' id='word_1_19' title='bbox 239 604 297 669; x_wconf 90' lang='lat' dir='ltr'>sed</span> <span class='ocrx_word' id='word_1_20' title='bbox 331 607 513 688; x_wconf 80' lang='lat' dir='ltr'>testimonio</span> <span class='ocrx_word' id='word_1_21' title='bbox 537 606 660 692; x_wconf 81' lang='lat' dir='ltr'>adepti3</span> <span class='ocrx_word' id='word_1_22' title='bbox 685 630 789 692; x_wconf 88' lang='lat' dir='ltr'>neque</span> <span class='ocrx_word' id='word_1_23' title='bbox 813 611 898 673; x_wconf 90' lang='lat' dir='ltr'>enim</span> <span class='ocrx_word' id='word_1_24' title='bbox 921 609 1024 693; x_wconf 88' lang='lat' dir='ltr'>pretio</span> <span class='ocrx_word' id='word_1_25' title='bbox 1047 607 1185 672; x_wconf 86' lang='lat' dir='ltr'>uliares</span> <span class='ocrx_word' id='word_1_26' title='bbox 1209 606 1262 678; x_wconf 85' lang='lat' dir='ltr'>dei</span> 
     </span>
     <span class='ocr_line' id='line_1_5' title="bbox 86 709 1265 808; baseline 0.004 -35"><span class='ocrx_word' id='word_1_27' title='bbox 86 718 224 774; x_wconf 84' lang='lat' dir='ltr'>constat.</span> <span class='ocrx_word' id='word_1_28' title='bbox 261 712 302 775; x_wconf 87' lang='lat'>39</span> <span class='ocrx_word' id='word_1_29' title='bbox 339 709 430 793; x_wconf 86' lang='lat'><strong>(207)</strong></span> <span class='ocrx_word' id='word_1_30' title='bbox 465 712 742 799; x_wconf 76' lang='lat' dir='ltr'>Quantiseumque</span> <span class='ocrx_word' id='word_1_31' title='bbox 777 715 956 808; x_wconf 78' lang='lat' dir='ltr'>sumptibus</span> <span class='ocrx_word' id='word_1_32' title='bbox 979 721 1116 791; x_wconf 84' lang='lat' dir='ltr'>constet,</span> <span class='ocrx_word' id='word_1_33' title='bbox 1140 714 1265 778; x_wconf 87' lang='lat' dir='ltr'>luorum</span> 
     </span>
     <span class='ocr_line' id='line_1_6' title="bbox 86 819 1265 906; baseline 0.004 -27"><span class='ocrx_word' id='word_1_34' title='bbox 86 824 139 880; x_wconf 87' lang='lat' dir='ltr'>est</span> <span class='ocrx_word' id='word_1_35' title='bbox 172 819 299 902; x_wconf 86' lang='lat' dir='ltr'>pietatis</span> <span class='ocrx_word' id='word_1_36' title='bbox 327 821 454 902; x_wconf 90' lang='lat' dir='ltr'>nomine</span> <span class='ocrx_word' id='word_1_37' title='bbox 478 819 584 884; x_wconf 79' lang='lat' dir='ltr'>faeere</span> <span class='ocrx_word' id='word_1_38' title='bbox 608 830 779 906; x_wconf 89' lang='lat' dir='ltr'>sumptum,</span> <span class='ocrx_word' id='word_1_39' title='bbox 804 821 962 906; x_wconf 88' lang='lat' dir='ltr'>siquidem</span> <span class='ocrx_word' id='word_1_40' title='bbox 984 822 1096 900; x_wconf 78' lang='lat' dir='ltr'>iuopia</span> <span class='ocrx_word' id='word_1_41' title='bbox 1119 843 1265 904; x_wconf 79' lang='lat' dir='ltr'>quosque</span> 
     </span>
     <span class='ocr_line' id='line_1_7' title="bbox 84 923 1263 1011; baseline 0.003 -25"><span class='ocrx_word' id='word_1_42' title='bbox 84 923 254 1008; x_wconf 78' lang='lat' dir='ltr'>refrigerio</span> <span class='ocrx_word' id='word_1_43' title='bbox 288 926 350 988; x_wconf 92' lang='lat' dir='ltr'>isto</span> <span class='ocrx_word' id='word_1_44' title='bbox 385 927 540 1003; x_wconf 88' lang='lat' dir='ltr'>iuvamus‚</span> <span class='ocrx_word' id='word_1_45' title='bbox 575 924 722 1011; x_wconf 79' lang='lat' dir='ltr'>(„iaopes</span> <span class='ocrx_word' id='word_1_46' title='bbox 745 927 905 1010; x_wconf 80' lang='lat' dir='ltr'>quosque”</span> <span class='ocrx_word' id='word_1_47' title='bbox 932 927 1005 991; x_wconf 90' lang='lat' dir='ltr'>Put.</span> <span class='ocrx_word' id='word_1_48' title='bbox 1029 927 1132 1010; x_wconf 86' lang='lat' dir='ltr'>Bong.</span> <span class='ocrx_word' id='word_1_49' title='bbox 1163 925 1263 991; x_wconf 87' lang='lat' dir='ltr'>Goth.</span> 
     </span>
     <span class='ocr_line' id='line_1_8' title="bbox 1 1029 1265 1119; baseline 0.004 -27"><span class='ocrx_word' id='word_1_50' title='bbox 1 1057 8 1069; x_wconf 89' lang='lat'><strong>·</strong></span> <span class='ocrx_word' id='word_1_51' title='bbox 86 1029 198 1114; x_wconf 86' lang='lat' dir='ltr'>Ampl.</span> <span class='ocrx_word' id='word_1_52' title='bbox 234 1029 339 1095; x_wconf 83' lang='lat' dir='ltr'>Oxon&#39;.</span> <span class='ocrx_word' id='word_1_53' title='bbox 364 1030 490 1116; x_wconf 84' lang='lat' dir='ltr'>Lugdd.</span> <span class='ocrx_word' id='word_1_54' title='bbox 517 1029 556 1114; x_wconf 73' lang='grc' dir='ltr'>(Ρ)</span> <span class='ocrx_word' id='word_1_55' title='bbox 581 1042 613 1097; x_wconf 92' lang='lat' dir='ltr'>et</span> <span class='ocrx_word' id='word_1_56' title='bbox 636 1032 709 1097; x_wconf 88' lang='lat' dir='ltr'>edd.</span> <span class='ocrx_word' id='word_1_57' title='bbox 733 1033 837 1098; x_wconf 88' lang='lat' dir='ltr'>Rhen.</span> <span class='ocrx_word' id='word_1_58' title='bbox 861 1033 988 1119; x_wconf 81' lang='lat' dir='ltr'>Ganga.</span> <span class='ocrx_word' id='word_1_59' title='bbox 1011 1034 1102 1098; x_wconf 90' lang='lat' dir='ltr'>Barr.</span> <span class='ocrx_word' id='word_1_60' title='bbox 1132 1031 1265 1115; x_wconf 57' lang='lat' dir='ltr'>(uulda.</span> 
     </span>
     <span class='ocr_line' id='line_1_9' title="bbox 85 1134 1029 1223; baseline 0.005 -23"><span class='ocrx_word' id='word_1_61' title='bbox 85 1135 223 1200; x_wconf 85' lang='lat' dir='ltr'>Herald.</span> <span class='ocrx_word' id='word_1_62' title='bbox 246 1134 319 1221; x_wconf 88' lang='lat' dir='ltr'>Rig.</span> <span class='ocrx_word' id='word_1_63' title='bbox 343 1136 489 1202; x_wconf 87' lang='lat' dir='ltr'>Haverk.</span> <span class='ocrx_word' id='word_1_64' title='bbox 519 1139 649 1222; x_wconf 72' lang='lat' dir='ltr'>„inopes</span> <span class='ocrx_word' id='word_1_65' title='bbox 672 1139 817 1222; x_wconf 79' lang='lat' dir='ltr'>qaoquo”</span> <span class='ocrx_word' id='word_1_66' title='bbox 844 1138 961 1223; x_wconf 71' lang='lat' dir='ltr'>uad.)</span> <span class='ocrx_word' id='word_1_67' title='bbox 989 1175 1029 1184; x_wconf 98' lang='lat'><em>-</em></span> 
     </span>
    </p>

    <p class='ocr_par' dir='ltr' id='par_1_3' title="bbox 86 1240 1270 1870">
     <span class='ocr_line' id='line_1_10' title="bbox 134 1240 1265 1329; baseline 0.004 -25"><span class='ocrx_word' id='word_1_68' title='bbox 134 1240 318 1306; x_wconf 88' lang='lat' dir='ltr'>Pronomen</span> <span class='ocrx_word' id='word_1_69' title='bbox 345 1243 517 1326; x_wconf 75' lang='lat' dir='ltr'>„quisque”</span> <span class='ocrx_word' id='word_1_70' title='bbox 544 1267 617 1309; x_wconf 90' lang='lat' dir='ltr'>oum</span> <span class='ocrx_word' id='word_1_71' title='bbox 640 1247 860 1329; x_wconf 77' lang='lat' dir='ltr'>comparati-oo</span> <span class='ocrx_word' id='word_1_72' title='bbox 884 1249 1089 1312; x_wconf 80' lang='lat' dir='ltr'>coniunctum</span> <span class='ocrx_word' id='word_1_73' title='bbox 1117 1249 1128 1286; x_wconf 81' lang='lat'>²</span> <span class='ocrx_word' id='word_1_74' title='bbox 1157 1253 1206 1310; x_wconf 87' lang='lat' dir='ltr'>est</span> <span class='ocrx_word' id='word_1_75' title='bbox 1221 1246 1265 1309; x_wconf 83' lang='lat'>47</span> 
     </span>
     <span class='ocr_line' id='line_1_11' title="bbox 87 1345 1263 1438; baseline 0.003 -27"><span class='ocrx_word' id='word_1_76' title='bbox 87 1345 183 1429; x_wconf 86' lang='grc'><strong>(242)</strong></span> <span class='ocrx_word' id='word_1_77' title='bbox 207 1348 383 1433; x_wconf 81' lang='lat' dir='ltr'><strong>Antiquior</strong></span> <span class='ocrx_word' id='word_1_78' title='bbox 405 1351 551 1415; x_wconf 90' lang='lat' dir='ltr'>omnibus</span> <span class='ocrx_word' id='word_1_79' title='bbox 572 1353 701 1431; x_wconf 86' lang='lat' dir='ltr'>veritas,</span> <span class='ocrx_word' id='word_1_80' title='bbox 727 1355 788 1416; x_wconf 91' lang='lat' dir='ltr'>nisi</span> <span class='ocrx_word' id='word_1_81' title='bbox 807 1353 911 1432; x_wconf 79' lang='lat' dir='ltr'>fallor,</span> <span class='ocrx_word' id='word_1_82' title='bbox 931 1362 964 1418; x_wconf 89' lang='lat' dir='ltr'>et</span> <span class='ocrx_word' id='word_1_83' title='bbox 974 1354 1036 1418; x_wconf 87' lang='lat' dir='ltr'>hoo</span> <span class='ocrx_word' id='word_1_84' title='bbox 1048 1352 1126 1416; x_wconf 88' lang='lat' dir='ltr'>mihi</span> <span class='ocrx_word' id='word_1_85' title='bbox 1138 1353 1263 1438; x_wconf 83' lang='lat' dir='ltr'>profioit</span> 
     </span>
     <span class='ocr_line' id='line_1_12' title="bbox 86 1451 1270 1545; baseline 0.003 -28"><span class='ocrx_word' id='word_1_86' title='bbox 86 1457 263 1538; x_wconf 84' lang='lat' dir='ltr'>antiquitas</span> <span class='ocrx_word' id='word_1_87' title='bbox 298 1464 496 1541; x_wconf 88' lang='lat' dir='ltr'>praestruota</span> <span class='ocrx_word' id='word_1_88' title='bbox 530 1457 659 1522; x_wconf 89' lang='lat' dir='ltr'>divinae</span> <span class='ocrx_word' id='word_1_89' title='bbox 682 1453 887 1539; x_wconf 72' lang='lat' dir='ltr'>litteratruae,</span> <span class='ocrx_word' id='word_1_90' title='bbox 912 1481 975 1545; x_wconf 94' lang='lat' dir='ltr'>quo</span> <span class='ocrx_word' id='word_1_91' title='bbox 998 1459 1094 1523; x_wconf 82' lang='lat' dir='ltr'>iaoile</span> <span class='ocrx_word' id='word_1_92' title='bbox 1118 1451 1270 1522; x_wconf 82' lang='lat' dir='ltr'>credatur</span> 
     </span>
     <span class='ocr_line' id='line_1_13' title="bbox 87 1562 1266 1652; baseline 0.003 -28"><span class='ocrx_word' id='word_1_93' title='bbox 87 1562 275 1626; x_wconf 88' lang='lat' dir='ltr'>thesaurum</span> <span class='ocrx_word' id='word_1_94' title='bbox 298 1585 369 1627; x_wconf 87' lang='lat' dir='ltr'>eam</span> <span class='ocrx_word' id='word_1_95' title='bbox 391 1564 491 1629; x_wconf 81' lang='lat' dir='ltr'>fuisse</span> <span class='ocrx_word' id='word_1_96' title='bbox 509 1565 687 1648; x_wconf 59' lang='lat' dir='ltr'>posteriori</span> <span class='ocrx_word' id='word_1_97' title='bbox 709 1567 825 1649; x_wconf 79' lang='lat' dir='ltr'>cuique</span> <span class='ocrx_word' id='word_1_98' title='bbox 842 1568 1026 1652; x_wconf 78' lang='lat' dir='ltr'>sapientiae.</span> <span class='ocrx_word' id='word_1_99' title='bbox 1041 1563 1125 1646; x_wconf 81' lang='lat' dir='ltr'>(voe.</span> <span class='ocrx_word' id='word_1_100' title='bbox 1143 1569 1266 1648; x_wconf 81' lang='lat' dir='ltr'>„posta-</span> 
     </span>
     <span class='ocr_line' id='line_1_14' title="bbox 87 1666 1268 1757; baseline 0.004 -26"><span class='ocrx_word' id='word_1_101' title='bbox 87 1666 193 1732; x_wconf 65' lang='lat' dir='ltr'>riora”</span> <span class='ocrx_word' id='word_1_102' title='bbox 230 1671 381 1734; x_wconf 89' lang='lat' dir='ltr'>omissum</span> <span class='ocrx_word' id='word_1_103' title='bbox 415 1678 465 1734; x_wconf 87' lang='lat' dir='ltr'>est</span> <span class='ocrx_word' id='word_1_104' title='bbox 497 1673 530 1734; x_wconf 93' lang='lat' dir='ltr'>in</span> <span class='ocrx_word' id='word_1_105' title='bbox 555 1670 605 1735; x_wconf 89' lang='lat' dir='ltr'>ed.</span> <span class='ocrx_word' id='word_1_106' title='bbox 628 1668 787 1753; x_wconf 76' lang='lat' dir='ltr'>Haverk.)</span> <span class='ocrx_word' id='word_1_107' title='bbox 821 1674 863 1736; x_wconf 84' lang='lat'>50</span> <span class='ocrx_word' id='word_1_108' title='bbox 888 1669 977 1754; x_wconf 81' lang='grc'><strong>(267)</strong></span> <span class='ocrx_word' id='word_1_109' title='bbox 1001 1672 1072 1737; x_wconf 90' lang='lat' dir='ltr'>Neo</span> <span class='ocrx_word' id='word_1_110' title='bbox 1096 1674 1268 1757; x_wconf 83' lang='lat' dir='ltr'>quiequam</span> 
     </span>
     <span class='ocr_line' id='line_1_15' title="bbox 87 1775 1065 1870; baseline 0.006 -32"><span class='ocrx_word' id='word_1_111' title='bbox 87 1782 199 1838; x_wconf 87' lang='lat' dir='ltr'>tamen</span> <span class='ocrx_word' id='word_1_112' title='bbox 222 1775 347 1860; x_wconf 84' lang='lat' dir='ltr'>proficit</span> <span class='ocrx_word' id='word_1_113' title='bbox 368 1777 562 1858; x_wconf 64' lang='lat' dir='ltr'>exquisitior</span> <span class='ocrx_word' id='word_1_114' title='bbox 585 1798 729 1859; x_wconf 81' lang='lat' dir='ltr'>quaeque</span> <span class='ocrx_word' id='word_1_115' title='bbox 752 1777 923 1842; x_wconf 89' lang='lat' dir='ltr'>erudelitas</span> <span class='ocrx_word' id='word_1_116' title='bbox 948 1787 1065 1870; x_wconf 74' lang='lat' dir='ltr'>uestra.</span> 
     </span>
    </p>
   </div>
   <div class='ocr_carea' id='block_1_3' title="bbox 310 2173 1051 2246">
    <p class='ocr_par' dir='ltr' id='par_1_4' title="bbox 310 2173 1051 2246">
     <span class='ocr_line' id='line_1_16' title="bbox 310 2173 1051 2246; baseline 0.007 -6"><span class='ocrx_word' id='word_1_117' title='bbox 310 2173 600 2242; x_wconf 73' lang='lat' dir='ltr'>Aomdum</span> <span class='ocrx_word' id='word_1_118' title='bbox 634 2175 1051 2246; x_wconf 82' lang='lat' dir='ltr'>PRONOMINALIA.</span> 
     </span>
    </p>
   </div>
   <div class='ocr_carea' id='block_1_4' title="bbox 59 2363 1274 3409">
    <p class='ocr_par' dir='ltr' id='par_1_5' title="bbox 59 2363 1274 3409">
     <span class='ocr_line' id='line_1_17' title="bbox 142 2363 1271 2450; baseline -0.001 -24"><span class='ocrx_word' id='word_1_119' title='bbox 142 2363 251 2440; x_wconf 75' lang='lat' dir='ltr'>Tanti,</span> <span class='ocrx_word' id='word_1_120' title='bbox 283 2364 403 2446; x_wconf 75' lang='lat' dir='ltr'>quanti</span> <span class='ocrx_word' id='word_1_121' title='bbox 436 2386 515 2449; x_wconf 87' lang='lat' dir='ltr'>pro:</span> <span class='ocrx_word' id='word_1_122' title='bbox 554 2370 608 2443; x_wconf 82' lang='lat' dir='ltr'>tot,</span> <span class='ocrx_word' id='word_1_123' title='bbox 643 2373 722 2448; x_wconf 82' lang='lat' dir='ltr'>quot</span> <span class='ocrx_word' id='word_1_124' title='bbox 748 2363 779 2447; x_wconf 65' lang='grc'>2)</span> <span class='ocrx_word' id='word_1_125' title='bbox 811 2367 888 2430; x_wconf 90' lang='lat' dir='ltr'>satis</span> <span class='ocrx_word' id='word_1_126' title='bbox 924 2365 1104 2450; x_wconf 76' lang='lat' dir='ltr'>frequentia</span> <span class='ocrx_word' id='word_1_127' title='bbox 1139 2365 1271 2428; x_wconf 85' lang='lat' dir='ltr'>suntin</span> 
     </span>
     <span class='ocr_line' id='line_1_18' title="bbox 90 2467 1270 2556; baseline 0 -22"><span class='ocrx_word' id='word_1_128' title='bbox 90 2469 319 2555; x_wconf 82' lang='lat' dir='ltr'>Apologetioo.</span> <span class='ocrx_word' id='word_1_129' title='bbox 347 2471 364 2533; x_wconf 93' lang='lat'>1</span> <span class='ocrx_word' id='word_1_130' title='bbox 390 2467 435 2553; x_wconf 92' lang='grc'>(6)</span> <span class='ocrx_word' id='word_1_131' title='bbox 459 2470 511 2533; x_wconf 84' lang='lat' dir='ltr'>Ex</span> <span class='ocrx_word' id='word_1_132' title='bbox 537 2471 586 2534; x_wconf 90' lang='lat' dir='ltr'>his</span> <span class='ocrx_word' id='word_1_133' title='bbox 609 2471 690 2534; x_wconf 88' lang='lat' dir='ltr'>fiunt</span> <span class='ocrx_word' id='word_1_134' title='bbox 712 2470 897 2549; x_wconf 82' lang='lat' dir='ltr'>Christiani,</span> <span class='ocrx_word' id='word_1_135' title='bbox 914 2474 1024 2556; x_wconf 89' lang='lat' dir='ltr'>utique</span> <span class='ocrx_word' id='word_1_136' title='bbox 1041 2470 1081 2535; x_wconf 89' lang='lat' dir='ltr'>de</span> <span class='ocrx_word' id='word_1_137' title='bbox 1094 2479 1270 2556; x_wconf 78' lang='lat' dir='ltr'>comperto,</span> 
     </span>
     <span class='ocr_line' id='line_1_19' title="bbox 59 2575 1272 2665; baseline 0 -25"><span class='ocrx_word' id='word_1_138' title='bbox 59 2587 70 2609; x_wconf 70' lang='lat'>⁸</span> <span class='ocrx_word' id='word_1_139' title='bbox 92 2584 128 2640; x_wconf 89' lang='lat' dir='ltr'>et</span> <span class='ocrx_word' id='word_1_140' title='bbox 158 2577 316 2661; x_wconf 81' lang='lat' dir='ltr'>incipiunt</span> <span class='ocrx_word' id='word_1_141' title='bbox 338 2575 446 2641; x_wconf 88' lang='lat' dir='ltr'>odisse</span> <span class='ocrx_word' id='word_1_142' title='bbox 469 2577 554 2662; x_wconf 93' lang='lat' dir='ltr'>quod</span> <span class='ocrx_word' id='word_1_143' title='bbox 578 2576 714 2656; x_wconf 79' lang='lat' dir='ltr'>fuerant,</span> <span class='ocrx_word' id='word_1_144' title='bbox 739 2586 771 2642; x_wconf 89' lang='lat' dir='ltr'>et</span> <span class='ocrx_word' id='word_1_145' title='bbox 797 2579 938 2665; x_wconf 89' lang='lat' dir='ltr'>profiteri</span> <span class='ocrx_word' id='word_1_146' title='bbox 962 2577 1048 2662; x_wconf 87' lang='lat' dir='ltr'>qnod</span> <span class='ocrx_word' id='word_1_147' title='bbox 1071 2576 1214 2655; x_wconf 86' lang='lat' dir='ltr'>oderant,</span> <span class='ocrx_word' id='word_1_148' title='bbox 1239 2584 1272 2641; x_wconf 90' lang='lat' dir='ltr'>et</span> 
     </span>
     <span class='ocr_line' id='line_1_20' title="bbox 93 2681 1271 2768; baseline 0.001 -23"><span class='ocrx_word' id='word_1_149' title='bbox 93 2688 172 2745; x_wconf 87' lang='lat' dir='ltr'>sunt</span> <span class='ocrx_word' id='word_1_150' title='bbox 203 2683 289 2746; x_wconf 70' lang='lat' dir='ltr'>torota</span> <span class='ocrx_word' id='word_1_151' title='bbox 322 2683 442 2766; x_wconf 71' lang='lat' dir='ltr'>quanta</span> <span class='ocrx_word' id='word_1_152' title='bbox 471 2691 504 2747; x_wconf 92' lang='lat' dir='ltr'>et</span> <span class='ocrx_word' id='word_1_153' title='bbox 526 2682 724 2748; x_wconf 89' lang='lat' dir='ltr'>denotamur.</span> <span class='ocrx_word' id='word_1_154' title='bbox 759 2686 775 2748; x_wconf 91' lang='lat'>1</span> <span class='ocrx_word' id='word_1_155' title='bbox 802 2681 847 2764; x_wconf 88' lang='grc'>(8)</span> <span class='ocrx_word' id='word_1_156' title='bbox 873 2681 938 2748; x_wconf 80' lang='lat' dir='ltr'>Sed</span> <span class='ocrx_word' id='word_1_157' title='bbox 960 2705 1025 2748; x_wconf 93' lang='lat' dir='ltr'>non</span> <span class='ocrx_word' id='word_1_158' title='bbox 1048 2683 1131 2761; x_wconf 91' lang='lat' dir='ltr'>ideo,</span> <span class='ocrx_word' id='word_1_159' title='bbox 1156 2685 1271 2768; x_wconf 78' lang='lat' dir='ltr'>inquit,</span> 
     </span>
     <span class='ocr_line' id='line_1_21' title="bbox 94 2789 1274 2876; baseline 0.002 -24"><span class='ocrx_word' id='word_1_160' title='bbox 94 2789 227 2866; x_wconf 91' lang='lat' dir='ltr'>bonum,</span> <span class='ocrx_word' id='word_1_161' title='bbox 253 2789 327 2873; x_wconf 85' lang='lat' dir='ltr'>quia</span> <span class='ocrx_word' id='word_1_162' title='bbox 352 2791 469 2854; x_wconf 87' lang='lat' dir='ltr'>multos</span> <span class='ocrx_word' id='word_1_163' title='bbox 496 2793 670 2855; x_wconf 77' lang='lat' dir='ltr'>convertit:</span> <span class='ocrx_word' id='word_1_164' title='bbox 695 2792 814 2874; x_wconf 79' lang='lat' dir='ltr'>quanti</span> <span class='ocrx_word' id='word_1_165' title='bbox 837 2793 921 2855; x_wconf 91' lang='lat' dir='ltr'>enim</span> <span class='ocrx_word' id='word_1_166' title='bbox 944 2790 986 2854; x_wconf 90' lang='lat' dir='ltr'>ad</span> <span class='ocrx_word' id='word_1_167' title='bbox 1009 2791 1126 2854; x_wconf 90' lang='lat' dir='ltr'>malum</span> <span class='ocrx_word' id='word_1_168' title='bbox 1146 2790 1274 2876; x_wconf 71' lang='lat' dir='ltr'>pertor-</span> 
     </span>
     <span class='ocr_line' id='line_1_22' title="bbox 94 2893 1270 2982; baseline 0.002 -24"><span class='ocrx_word' id='word_1_169' title='bbox 94 2897 247 2960; x_wconf 83' lang='lat' dir='ltr'>mantur?</span> <span class='ocrx_word' id='word_1_170' title='bbox 270 2897 390 2979; x_wconf 78' lang='lat' dir='ltr'>quana·</span> <span class='ocrx_word' id='word_1_171' title='bbox 411 2895 596 2980; x_wconf 86' lang='lat' dir='ltr'>transfugae</span> <span class='ocrx_word' id='word_1_172' title='bbox 618 2899 652 2960; x_wconf 93' lang='lat' dir='ltr'>in</span> <span class='ocrx_word' id='word_1_173' title='bbox 675 2899 881 2982; x_wconf 79' lang='lat' dir='ltr'>perversum?</span> <span class='ocrx_word' id='word_1_174' title='bbox 906 2897 947 2960; x_wconf 81' lang='grc'>40</span> <span class='ocrx_word' id='word_1_175' title='bbox 973 2893 1062 2979; x_wconf 92' lang='grc'><strong>(210)</strong></span> <span class='ocrx_word' id='word_1_176' title='bbox 1088 2895 1121 2961; x_wconf 88' lang='lat' dir='ltr'>Si</span> <span class='ocrx_word' id='word_1_177' title='bbox 1144 2896 1270 2960; x_wconf 86' lang='lat' dir='ltr'>Tiberis</span> 
     </span>
     <span class='ocr_line' id='line_1_23' title="bbox 94 3001 1272 3086; baseline -0.002 -18"><span class='ocrx_word' id='word_1_178' title='bbox 94 3001 244 3068; x_wconf 85' lang='lat' dir='ltr'>aseendit</span> <span class='ocrx_word' id='word_1_179' title='bbox 271 3005 304 3067; x_wconf 90' lang='lat' dir='ltr'>in</span> <span class='ocrx_word' id='word_1_180' title='bbox 335 3006 470 3082; x_wconf 91' lang='lat' dir='ltr'>moenia,</span> <span class='ocrx_word' id='word_1_181' title='bbox 504 3007 531 3068; x_wconf 90' lang='lat' dir='ltr'>si</span> <span class='ocrx_word' id='word_1_182' title='bbox 554 3004 648 3068; x_wconf 89' lang='lat' dir='ltr'>Nilus</span> <span class='ocrx_word' id='word_1_183' title='bbox 673 3026 737 3069; x_wconf 92' lang='lat' dir='ltr'>non</span> <span class='ocrx_word' id='word_1_184' title='bbox 760 3003 906 3069; x_wconf 86' lang='lat' dir='ltr'>aseendit</span> <span class='ocrx_word' id='word_1_185' title='bbox 929 3007 962 3067; x_wconf 91' lang='lat' dir='ltr'>in</span> <span class='ocrx_word' id='word_1_186' title='bbox 985 3026 1072 3086; x_wconf 87' lang='lat' dir='ltr'>arva,</span> <span class='ocrx_word' id='word_1_187' title='bbox 1097 3006 1124 3067; x_wconf 90' lang='lat' dir='ltr'>si</span> <span class='ocrx_word' id='word_1_188' title='bbox 1148 3004 1272 3068; x_wconf 88' lang='lat' dir='ltr'>coelum</span> 
     </span>
     <span class='ocr_line' id='line_1_24' title="bbox 94 3108 1272 3200; baseline -0.002 -26"><span class='ocrx_word' id='word_1_189' title='bbox 94 3111 199 3186; x_wconf 89' lang='lat' dir='ltr'>stetit,</span> <span class='ocrx_word' id='word_1_190' title='bbox 223 3110 250 3172; x_wconf 90' lang='lat' dir='ltr'>si</span> <span class='ocrx_word' id='word_1_191' title='bbox 272 3116 357 3174; x_wconf 87' lang='lat' dir='ltr'>terra</span> <span class='ocrx_word' id='word_1_192' title='bbox 378 3112 489 3200; x_wconf 86' lang='lat' dir='ltr'>movit,</span> <span class='ocrx_word' id='word_1_193' title='bbox 513 3112 539 3176; x_wconf 83' lang='lat' dir='ltr'>si</span> <span class='ocrx_word' id='word_1_194' title='bbox 563 3110 675 3188; x_wconf 79' lang='lat' dir='ltr'>tamea,</span> <span class='ocrx_word' id='word_1_195' title='bbox 700 3111 727 3172; x_wconf 92' lang='lat' dir='ltr'>si</span> <span class='ocrx_word' id='word_1_196' title='bbox 750 3109 828 3187; x_wconf 89' lang='lat' dir='ltr'>lues,</span> <span class='ocrx_word' id='word_1_197' title='bbox 853 3111 969 3173; x_wconf 86' lang='lat' dir='ltr'>statim.</span> <span class='ocrx_word' id='word_1_198' title='bbox 988 3108 1205 3187; x_wconf 81' lang='lat' dir='ltr'>„Christianos</span> <span class='ocrx_word' id='word_1_199' title='bbox 1230 3108 1272 3172; x_wconf 88' lang='lat' dir='ltr'>ad</span> 
     </span>
     <span class='ocr_line' id='line_1_25' title="bbox 94 3213 1270 3301; baseline -0.003 -20"><span class='ocrx_word' id='word_1_200' title='bbox 94 3216 243 3282; x_wconf 86' lang='lat' dir='ltr'>leonem&#39;’</span> <span class='ocrx_word' id='word_1_201' title='bbox 269 3216 474 3282; x_wconf 81' lang='lat' dir='ltr'>adclamatur.</span> <span class='ocrx_word' id='word_1_202' title='bbox 501 3218 620 3281; x_wconf 73' lang='lat' dir='ltr'>Tantos</span> <span class='ocrx_word' id='word_1_203' title='bbox 643 3216 684 3281; x_wconf 91' lang='lat' dir='ltr'>ad</span> <span class='ocrx_word' id='word_1_204' title='bbox 699 3219 818 3280; x_wconf 78' lang='lat' dir='ltr'>unum?</span> <span class='ocrx_word' id='word_1_205' title='bbox 836 3213 888 3297; x_wconf 86' lang='lat' dir='ltr'>(In</span> <span class='ocrx_word' id='word_1_206' title='bbox 900 3215 999 3281; x_wconf 82' lang='lat' dir='ltr'>Goth.</span> <span class='ocrx_word' id='word_1_207' title='bbox 1012 3238 1108 3301; x_wconf 91' lang='lat' dir='ltr'>super</span> <span class='ocrx_word' id='word_1_208' title='bbox 1124 3213 1270 3292; x_wconf 76' lang='lat' dir='ltr'>„tantos”</span> 
     </span>
     <span class='ocr_line' id='line_1_26' title="bbox 95 3318 1274 3409; baseline -0.005 -20"><span class='ocrx_word' id='word_1_209' title='bbox 95 3324 140 3389; x_wconf 88' lang='lat' dir='ltr'>ab</span> <span class='ocrx_word' id='word_1_210' title='bbox 175 3325 304 3407; x_wconf 88' lang='lat' dir='ltr'>antiqua</span> <span class='ocrx_word' id='word_1_211' title='bbox 334 3346 431 3388; x_wconf 91' lang='lat' dir='ltr'>manu</span> <span class='ocrx_word' id='word_1_212' title='bbox 462 3325 712 3409; x_wconf 88' lang='lat' dir='ltr'>superscriptum</span> <span class='ocrx_word' id='word_1_213' title='bbox 742 3323 858 3408; x_wconf 84' lang='lat' dir='ltr'>legitur</span> <span class='ocrx_word' id='word_1_214' title='bbox 892 3319 1079 3402; x_wconf 78' lang='lat' dir='ltr'>„doudoa”.)</span> <span class='ocrx_word' id='word_1_215' title='bbox 1110 3322 1152 3385; x_wconf 83' lang='grc'>40</span> <span class='ocrx_word' id='word_1_216' title='bbox 1181 3318 1274 3402; x_wconf 90' lang='grc'><strong>(210)</strong></span> 
     </span>
    </p>
   </div>
   <div class='ocr_carea' id='block_1_5' title="bbox 2 3556 1341 4161">
    <p class='ocr_par' dir='ltr' id='par_1_6' title="bbox 96 3556 1341 3807">
     <span class='ocr_line' id='line_1_27' title="bbox 139 3556 1274 3629; baseline -0.002 -17"><span class='ocrx_word' id='word_1_217' title='bbox 139 3558 149 3585; x_wconf 88' lang='lat'><strong>¹</strong></span> <span class='ocrx_word' id='word_1_218' title='bbox 167 3559 321 3614; x_wconf 88' lang='lat' dir='ltr'>Pronomen</span> <span class='ocrx_word' id='word_1_219' title='bbox 342 3559 488 3629; x_wconf 80' lang='lat' dir='ltr'>„quisque”</span> <span class='ocrx_word' id='word_1_220' title='bbox 508 3575 572 3613; x_wconf 86' lang='lat' dir='ltr'>eum</span> <span class='ocrx_word' id='word_1_221' title='bbox 590 3575 709 3628; x_wconf 85' lang='lat' dir='ltr'>compar.</span> <span class='ocrx_word' id='word_1_222' title='bbox 728 3559 906 3613; x_wconf 86' lang='lat' dir='ltr'>coniunctum</span> <span class='ocrx_word' id='word_1_223' title='bbox 925 3556 1046 3626; x_wconf 87' lang='lat' dir='ltr'>Hispani</span> <span class='ocrx_word' id='word_1_224' title='bbox 1064 3557 1146 3626; x_wconf 88' lang='lat' dir='ltr'>primi</span> <span class='ocrx_word' id='word_1_225' title='bbox 1162 3556 1274 3626; x_wconf 84' lang='lat' dir='ltr'>seripse-</span> 
     </span>
     <span class='ocr_line' id='line_1_28' title="bbox 96 3643 1341 3718; baseline -0.006 -14"><span class='ocrx_word' id='word_1_226' title='bbox 96 3653 175 3712; x_wconf 90' lang='lat' dir='ltr'>runt,</span> <span class='ocrx_word' id='word_1_227' title='bbox 193 3649 264 3702; x_wconf 86' lang='lat' dir='ltr'>siout</span> <span class='ocrx_word' id='word_1_228' title='bbox 281 3647 367 3702; x_wconf 82' lang='lat' dir='ltr'>rideri</span> <span class='ocrx_word' id='word_1_229' title='bbox 385 3654 476 3718; x_wconf 86' lang='lat' dir='ltr'>potest</span> <span class='ocrx_word' id='word_1_230' title='bbox 492 3665 527 3702; x_wconf 84' lang='lat' dir='ltr'>ex</span> <span class='ocrx_word' id='word_1_231' title='bbox 545 3647 618 3718; x_wconf 81' lang='lat' dir='ltr'>Iege</span> <span class='ocrx_word' id='word_1_232' title='bbox 636 3647 804 3700; x_wconf 83' lang='lat' dir='ltr'>Malaoitana</span> <span class='ocrx_word' id='word_1_233' title='bbox 822 3645 839 3713; x_wconf 65' lang='grc' dir='ltr'><strong>ἕ</strong></span> <span class='ocrx_word' id='word_1_234' title='bbox 858 3647 892 3700; x_wconf 82' lang='grc'>57</span> <span class='ocrx_word' id='word_1_235' title='bbox 908 3645 989 3714; x_wconf 69' lang='lat' dir='ltr'>prim</span> <span class='ocrx_word' id='word_1_236' title='bbox 1006 3645 1130 3714; x_wconf 52' lang='lat' dir='ltr'>quisqam</span> <span class='ocrx_word' id='word_1_237' title='bbox 1150 3645 1185 3698; x_wconf 89' lang='lat' dir='ltr'>of.</span> <span class='ocrx_word' id='word_1_238' title='bbox 1199 3643 1276 3700; x_wconf 78' lang='lat' dir='ltr'>Situ.</span> <span class='ocrx_word' id='word_1_239' title='bbox 1338 3681 1341 3688; x_wconf 85' lang='lat'>.</span> 
     </span>
     <span class='ocr_line' id='line_1_29' title="bbox 97 3736 431 3807; baseline -0.009 -13"><span class='ocrx_word' id='word_1_240' title='bbox 97 3737 172 3794; x_wconf 86' lang='lat' dir='ltr'>Lok.</span> <span class='ocrx_word' id='word_1_241' title='bbox 191 3736 304 3791; x_wconf 87' lang='lat' dir='ltr'>Versoh.</span> <span class='ocrx_word' id='word_1_242' title='bbox 323 3755 351 3807; x_wconf 89' lang='lat' dir='ltr'>p.</span> <span class='ocrx_word' id='word_1_243' title='bbox 371 3738 431 3791; x_wconf 85' lang='lat'>131.</span> 
     </span>
    </p>

    <p class='ocr_par' dir='ltr' id='par_1_7' title="bbox 2 3819 1277 4161">
     <span class='ocr_line' id='line_1_30' title="bbox 142 3819 1275 3895; baseline -0.008 -16"><span class='ocrx_word' id='word_1_244' title='bbox 142 3823 151 3851; x_wconf 83' lang='lat'><strong>¹</strong></span> <span class='ocrx_word' id='word_1_245' title='bbox 180 3825 325 3895; x_wconf 78' lang='lat' dir='ltr'>Koffmana</span> <span class='ocrx_word' id='word_1_246' title='bbox 351 3825 450 3881; x_wconf 85' lang='lat' dir='ltr'>Gesoh.</span> <span class='ocrx_word' id='word_1_247' title='bbox 478 3825 526 3878; x_wconf 90' lang='lat' dir='ltr'>des</span> <span class='ocrx_word' id='word_1_248' title='bbox 553 3823 727 3878; x_wconf 81' lang='lat' dir='ltr'>Kirohenlat:</span> <span class='ocrx_word' id='word_1_249' title='bbox 761 3822 800 3888; x_wconf 86' lang='lat' dir='ltr'>Il,</span> <span class='ocrx_word' id='word_1_250' title='bbox 819 3840 847 3892; x_wconf 93' lang='lat' dir='ltr'>p.</span> <span class='ocrx_word' id='word_1_251' title='bbox 868 3819 931 3886; x_wconf 86' lang='grc' dir='ltr'><strong>Ῑ88;</strong></span> <span class='ocrx_word' id='word_1_252' title='bbox 952 3821 1023 3875; x_wconf 75' lang='lat' dir='ltr'>Sitti.</span> <span class='ocrx_word' id='word_1_253' title='bbox 1042 3821 1097 3876; x_wconf 86' lang='lat' dir='ltr'>lok.</span> <span class='ocrx_word' id='word_1_254' title='bbox 1116 3819 1229 3875; x_wconf 87' lang='lat' dir='ltr'>Versoh.</span> <span class='ocrx_word' id='word_1_255' title='bbox 1248 3836 1275 3888; x_wconf 92' lang='lat' dir='ltr'>p.</span> 
     </span>
     <span class='ocr_line' id='line_1_31' title="bbox 99 3909 1277 3984; baseline -0.01 -13"><span class='ocrx_word' id='word_1_256' title='bbox 99 3915 163 3979; x_wconf 88' lang='lat'>119,</span> <span class='ocrx_word' id='word_1_257' title='bbox 182 3915 231 3984; x_wconf 88' lang='lat' dir='ltr'>qui</span> <span class='ocrx_word' id='word_1_258' title='bbox 248 3914 320 3968; x_wconf 90' lang='lat' dir='ltr'>hano</span> <span class='ocrx_word' id='word_1_259' title='bbox 337 3919 474 3968; x_wconf 78' lang='lat' dir='ltr'>mutatam</span> <span class='ocrx_word' id='word_1_260' title='bbox 492 3911 719 3983; x_wconf 83' lang='lat' dir='ltr'>significationem</span> <span class='ocrx_word' id='word_1_261' title='bbox 737 3928 772 3964; x_wconf 87' lang='lat' dir='ltr'>ex</span> <span class='ocrx_word' id='word_1_262' title='bbox 789 3909 896 3965; x_wconf 84' lang='lat' dir='ltr'>Graeca</span> <span class='ocrx_word' id='word_1_263' title='bbox 914 3911 1009 3980; x_wconf 83' lang='lat' dir='ltr'>lingua</span> <span class='ocrx_word' id='word_1_264' title='bbox 1027 3915 1117 3963; x_wconf 79' lang='lat' dir='ltr'>ortam</span> <span class='ocrx_word' id='word_1_265' title='bbox 1135 3925 1191 3962; x_wconf 83' lang='lat' dir='ltr'>esse</span> <span class='ocrx_word' id='word_1_266' title='bbox 1213 3923 1277 3961; x_wconf 91' lang='lat' dir='ltr'>oon·</span> 
     </span>
     <span class='ocr_line' id='line_1_32' title="bbox 98 3996 1276 4069; baseline -0.008 -12"><span class='ocrx_word' id='word_1_267' title='bbox 98 4002 204 4066; x_wconf 66' lang='lat' dir='ltr'>tandiu</span> <span class='ocrx_word' id='word_1_268' title='bbox 237 4001 366 4069; x_wconf 71' lang='lat' dir='ltr'>Wlfflin,</span> <span class='ocrx_word' id='word_1_269' title='bbox 395 4001 448 4054; x_wconf 87' lang='lat' dir='ltr'>Rh.</span> <span class='ocrx_word' id='word_1_270' title='bbox 473 4001 546 4065; x_wconf 74' lang='lat' dir='ltr'>MuS,</span> <span class='ocrx_word' id='word_1_271' title='bbox 577 3999 653 4062; x_wconf 84' lang='lat'>1882,</span> <span class='ocrx_word' id='word_1_272' title='bbox 682 4016 708 4068; x_wconf 91' lang='lat' dir='ltr'>p.</span> <span class='ocrx_word' id='word_1_273' title='bbox 739 3998 805 4061; x_wconf 75' lang='lat'>1223</span> <span class='ocrx_word' id='word_1_274' title='bbox 830 3997 912 4050; x_wconf 81' lang='lat' dir='ltr'>Kalb:</span> <span class='ocrx_word' id='word_1_275' title='bbox 931 3998 1016 4050; x_wconf 88' lang='lat' dir='ltr'>Roms</span> <span class='ocrx_word' id='word_1_276' title='bbox 1034 3996 1158 4050; x_wconf 87' lang='lat' dir='ltr'>Juristen</span> <span class='ocrx_word' id='word_1_277' title='bbox 1177 4014 1203 4065; x_wconf 93' lang='lat' dir='ltr'>p.</span> <span class='ocrx_word' id='word_1_278' title='bbox 1224 3997 1276 4058; x_wconf 80' lang='lat'>79;</span> 
     </span>
     <span class='ocr_line' id='line_1_33' title="bbox 2 4056 1276 4161; baseline -0.01 -13"><span class='ocrx_word' id='word_1_279' title='bbox 2 4056 23 4132; x_wconf 45' lang='grc' dir='ltr'><strong>ἶ</strong></span> <span class='ocrx_word' id='word_1_280' title='bbox 98 4091 228 4161; x_wconf 66' lang='lat' dir='ltr'>utpota-</span> <span class='ocrx_word' id='word_1_281' title='bbox 245 4089 313 4144; x_wconf 88' lang='lat' dir='ltr'>iiber</span> <span class='ocrx_word' id='word_1_282' title='bbox 330 4090 375 4144; x_wconf 90' lang='lat' dir='ltr'>die</span> <span class='ocrx_word' id='word_1_283' title='bbox 384 4090 445 4160; x_wconf 80' lang='lat' dir='ltr'>Spr.</span> <span class='ocrx_word' id='word_1_284' title='bbox 455 4089 503 4143; x_wconf 88' lang='lat' dir='ltr'>des</span> <span class='ocrx_word' id='word_1_285' title='bbox 511 4087 573 4142; x_wconf 90' lang='lat' dir='ltr'>Jur.</span> <span class='ocrx_word' id='word_1_286' title='bbox 583 4087 667 4140; x_wconf 89' lang='lat' dir='ltr'>Aem:</span> <span class='ocrx_word' id='word_1_287' title='bbox 681 4087 782 4156; x_wconf 89' lang='lat' dir='ltr'>Papin:</span> <span class='ocrx_word' id='word_1_288' title='bbox 793 4103 838 4155; x_wconf 83' lang='lat' dir='ltr'>pg.</span> <span class='ocrx_word' id='word_1_289' title='bbox 849 4085 897 4149; x_wconf 78' lang='lat'>323</span> <span class='ocrx_word' id='word_1_290' title='bbox 908 4085 1017 4138; x_wconf 80' lang='lat' dir='ltr'>Archiv.</span> <span class='ocrx_word' id='word_1_291' title='bbox 1028 4084 1083 4138; x_wconf 91' lang='lat' dir='ltr'>III.</span> <span class='ocrx_word' id='word_1_292' title='bbox 1094 4101 1139 4153; x_wconf 88' lang='lat' dir='ltr'>pg.</span> <span class='ocrx_word' id='word_1_293' title='bbox 1150 4085 1185 4137; x_wconf 87' lang='grc'>30</span> <span class='ocrx_word' id='word_1_294' title='bbox 1194 4088 1221 4136; x_wconf 84' lang='lat' dir='ltr'>et</span> <span class='ocrx_word' id='word_1_295' title='bbox 1231 4083 1276 4135; x_wconf 85' lang='lat'>33.</span> 
     </span>
    </p>
   </div>
   <div class='ocr_carea' id='block_1_6' title="bbox 0 0 1410 4500">
    <p class='ocr_par' dir='ltr' id='par_1_8' title="bbox 0 0 1410 4500">
     <span class='ocr_line' id='line_1_34' title="bbox 0 0 1410 4500; baseline 0 0"><span class='ocrx_word' id='word_1_296' title='bbox 0 0 1410 4500; x_wconf 95' lang='lat' dir='ltr'> </span> 
     </span>
    </p>
   </div>
  </div>
 </body>
</html>
