2788 4500
13 4087 30 4172 1

647 231 666 293 9

116 445 216 507 sanan
250 449 278 490 c.
311 449 383 511 gen.
422 428 461 490 18
491 428 579 506 (102)
602 426 856 490 Ptolemaeorum
880 423 1120 502 eruditissimus,
1146 447 1239 509 quem

71 530 317 617 Philadelphum
351 536 621 619 supernominant,
657 541 689 596 et
716 534 824 596 oannis
846 534 1047 596 litteraturae
1068 533 1240 614 sagacissi-

68 659 157 700 anns.
183 635 260 718 (Erl.
283 639 395 704 habet:
421 636 696 726 sapientissimus).

116 765 237 808 carana
260 766 373 810 rernm
397 747 438 809 47
463 747 550 820 (245)
575 754 607 810 et
629 745 786 810 Platonici
807 744 935 828 quidem
948 749 1117 807 carantena
1128 765 1239 808 'rernm

67 848 115 912 cf.
140 848 278 926 adNat.
302 849 348 914 Π.
375 853 404 914 2.
428 873 480 937 pg.
506 853 580 916 336.

115 956 307 1021 inamistans
330 979 358 1020 0.
384 979 455 1040 gen.
480 965 514 1021 at
535 958 610 1021 Nat.
635 956 681 1020 H.
706 958 736 1020 2.
760 958 847 1031 (337)
871 956 915 1018 Et
938 955 1010 1019 ideo
1032 978 1104 1019 cum
1114 957 1240 1018 tamin·

68 1069 160 1126 certa
183 1070 215 1126 et
238 1063 429 1128 inconstans
453 1065 632 1146 definiendi
643 1063 683 1127 de
696 1063 756 1136 deo
769 1063 970 1148 philosophia
982 1061 1239 1146 deprehenditur.

117 1170 321 1234 ABLATIVUS
355 1171 557 1234 substantivi
574 1192 638 1253 pro
661 1171 820 1248 adverbia,
846 1172 900 1255 qui
922 1191 999 1232 usus
1023 1191 1080 1253 per
1102 1169 1241 1251 linguam

69 1275 277 1354 Hebraioam‚
304 1298 384 1361 quae
408 1276 560 1340 adverbia
569 1298 634 1340 non
645 1276 750 1354 habet,
762 1277 913 1361 explicari
924 1283 1040 1360 potest,
1059 1278 1070 1314 1
1087 1275 1242 1359 reperitur

70 1383 92 1444 2
118 1382 184 1455 (13)
208 1381 239 1446 Ο
263 1384 453 1446 sententiam
475 1384 662 1446 necessitate
684 1381 860 1446 contusam.
885 1381 1054 1455 (Oehlerus
1077 1383 1109 1443 in
1136 1382 1241 1466 priore

69 1486 214 1550 editione
237 1491 462 1574 interpretatus
492 1488 721 1566 ,necessari0”,
746 1489 844 1552 altera
855 1491 888 1551 in
901 1488 1039 1552 editione
1052 1487 1241 1551 sententiam

71 1593 207 1657 retrahit
243 1594 385 1679 dicitque
420 1617 492 1660 voc.
522 1595 731 1673 „necessitas”
757 1596 810 1660 hic
833 1618 903 1660 esse
927 1593 984 1680 pro
1008 1596 1184 1679 angustiis)
1209 1592 1243 1657 01

71 1699 119 1764 ad
153 1699 227 1764 Nat.
267 1702 294 1764 1.
332 1702 367 1765 4;
400 1704 509 1786 atquin
545 1701 720 1766 temeritate
755 1706 807 1777 (ε
830 1705 997 1766 temerario
1020 1701 1126 1775 modo)
1150 1722 1242 1786 prae·

70 1815 271 1883 sumeretur;
285 1807 326 1871 ad
337 1808 370 1871 N
371 1817 413 1872 at.
429 1809 457 1872 1.
472 1809 775 1873 &Psammetichus
788 1807 917 1893 quidem
928 1811 1053 1894 putavit
1068 1808 1124 1872 tibi
1138 1829 1172 1871 se
1186 1804 1241 1887 (Α)

72 1915 210 1996 ingenio
256 1918 308 1989 (ε
333 1917 507 1999 ingeniose)
531 1916 713 2000 exploratus
738 1919 783 1980 sic
807 1916 847 1980 de
870 1917 1098 2000 primogenitis.
1119 1914 1243 1988 (Psam-

73 2020 234 2085 metichus
269 2021 399 2105 quidem
433 2024 559 2108 putavit
592 2022 654 2085 sibi
686 2024 724 2086 de
757 2023 886 2105 ingenio
910 2045 979 2107 sqq.
1004 2020 1243 2093 Gothofredus;

70 2126 125 2188 ibi
152 2147 185 2189 se
218 2128 256 2190 de
278 2124 365 2207 Rt.);
393 2127 434 2191 ad
457 2129 531 2192 Nat.
569 2130 597 2192 1.
625 2129 686 2192 18:
710 2151 774 2192 non
796 2131 912 2213 ignem,
937 2150 1001 2191 non
1022 2135 1180 2190 tormenta
1202 2125 1243 2189 ob

71 2232 247 2297 duritatem
270 2256 308 2297 ac
331 2219 549 2320 contemptum
571 2237 680 2298 mortis
697 2236 809 2299 animo
820 2257 1002 2299 recusemus
1016 2238 1071 2309 (ἑ
1081 2235 1242 2306 animose).

123 2340 295 2404 Ablativns
313 2362 377 2424 pro
401 2342 603 2418 Acamanta,
628 2342 687 2424 qni
708 2340 1245 2424 respondetadinterrogationcnt:

74 2468 137 2531 per
160 2469 254 2530 quam
277 2447 406 2532 longum
421 2451 569 2532 tempus?
585 2448 624 2510 14
641 2449 706 2522 (78)
718 2447 856 2512 Martem
867 2447 1020 2511 tredecim
1034 2446 1199 2509 mensibus
1212 2446 1243 2507 in

72 2552 214 2616 vinculis
238 2575 338 2638 paene
362 2562 595 2640 consumptum.

122 2660 295 2723 Abhttians
328 2659 450 2724 omissa
488 2660 542 2738 „a”
570 2661 813 2744 praepositione
838 2683 914 2724 cani
936 2660 1029 2724 aerbo
1049 2659 1181 2742 passivo
1204 2658 1247 2718 ad

71 2771 215 2830 actorem
250 2766 483 2830 indicandam:
520 2768 562 2830 23
592 2768 680 2841 (143)
704 2765 815 2830 edatur
837 2766 889 2830 hic
924 2766 1021 2851 aliqui
1044 2763 1163 2828 ibidem
1186 2761 1245 2825 sub

72 2871 288 2935 tribunalibus
310 2875 436 2950 vestris,
462 2895 556 2958 quem
578 2875 731 2937 daemone
753 2874 808 2955 agi
830 2880 964 2936 constet.
989 2875 1057 2956 (pro
1075 2870 1246 2947 ,daemone

74 2976 150 3062 agi’'
178 2980 211 3040 in
233 2978 306 3042 edd.
329 2977 432 3042 Rhen.
458 2978 584 3064 Ganga.
608 2980 698 3043 Barr.
724 2989 773 3042 est
800 2978 970 3055 ,daemone
994 2975 1100 3060 angi”)

125 3083 246 3148 Contra
277 3085 396 3148 bonum
418 3107 509 3148 usum
534 3107 608 3170 pro:
632 3088 763 3149 tanturn
785 3084 873 3148 abest
895 3090 933 3148 nt
955 3084 1088 3168 legimus
1101 3083 1143 3145 34
1157 3077 1248 3162 (180)

81 3191 190 3254 Tanto
222 3191 309 3254 abest
342 3199 378 3255 ut
397 3193 582 3276 'imperator
612 3191 690 3255 deus
714 3189 830 3254 debeat
852 3189 925 3266 dici,
950 3187 1035 3273 quod
1060 3210 1123 3252 non
1146 3194 1251 3273 potest

76 3296 179 3372 credi,
213 3318 278 3392 non
300 3296 396 3361 modo
419 3299 602 3382 turpissima
625 3297 682 3361 sed
706 3305 738 3360 et
759 3298 939 3382 perniciosa
961 3294 1156 3358 adulatione:
1175 3289 1250 3372 (van

34 3481 39 3492 ι
77 3404 140 3469 der
173 3400 275 3480 Vliet,
312 3400 403 3466 stud.
443 3403 533 3468 Eccl.
556 3403 584 3467 I.
607 3426 659 3488 pg.
684 3405 737 3467 39.
762 3404 917 3467 coniecit:
941 3400 1094 3465 credi<
1120 3399 1186 3461 nisi
1208 3412 1250 3463 >

81 3532 150 3602 non
185 3509 280 3573 modo
312 3512 493 3596 turpissima
529 3533 599 3596 sqq.
627 3512 806 3595 suspicatus
831 3509 910 3592 sigla
932 3506 1160 3571 vocabulorum
1183 3505 1252 3567 nisu
1374 3547 1375 3550 1

79 3603 140 3692 (ἦ)
165 3625 197 3681 et
218 3637 287 3680 non
311 3613 358 3697 (ft)
382 3619 414 3680 in
438 3619 628 3703 singularem
651 3618 851 3701 negationem
874 3611 1053 3694 coaluisse.)
1080 3647 1120 3655 -

124 3724 158 3786 A
204 3722 287 3786 bona
329 3723 484 3788 latinitate
519 3724 639 3788 alienus
674 3745 751 3786 usus
783 3730 832 3785 est
865 3720 1013 3783 Ablatiai
1041 3718 1252 3802 proitominis

87 3828 230 3907 ,idern”:
266 3827 376 3892 eadent
412 3855 453 3882 =
478 3830 580 3909 simul,
604 3853 667 3894 una
693 3831 732 3893 19
757 3827 847 3910 (107)
871 3828 981 3891 ertatem
1004 3847 1100 3890 voces
1124 3821 1252 3910 praedi-

119 4061 128 4086 ¹
166 4059 243 4116 Sittl.
263 4059 308 4112 die
326 4059 380 4113 lok.
400 4058 511 4112 Verseh.
531 4075 577 4127 pg.
597 4057 656 4110 170.
