2788 4500
720 225 739 285 2

145 420 345 494 structiones,
381 418 610 480 sententiarum
644 415 789 481 ordinem
823 426 856 481 et
889 426 1031 483 tenorem
1066 419 1224 498 adamant,
1256 443 1320 505 quo

145 523 270 588 facilius
306 545 415 588 eorum
450 525 569 608 scripta
602 524 826 607 intellegantur
860 534 893 590 et
916 529 943 590 si
966 527 1049 591 forte
1073 533 1147 590 sunt
1170 535 1320 613 corrupta

145 630 361 696 emendentur.
398 630 465 693 Alii
496 637 607 693 contra
629 629 708 694 nihil
730 634 848 696 maiore
873 655 950 697 cura
973 636 1104 712 evitant,
1128 636 1190 698 nisi
1214 658 1254 698 ne
1279 635 1321 698 de

145 737 257 801 iisdem
281 737 376 800 rebus
399 736 517 800 iisdem
537 744 666 800 utantur
690 725 807 816 verbis,
831 740 975 824 nihilque
999 741 1164 805 sollicitius
1180 741 1320 826 tugiunt,

144 846 206 907 nisi
230 843 427 907 Graecorum
449 841 527 906 illud
549 843 584 902 τὰ
603 843 677 902 αὐτὰ
695 848 760 916 περὶ
778 851 834 904 τῶν
853 846 955 904 αὐτῶν.

189 949 259 1016 Vix
293 951 446 1013 sermonis
478 951 631 1013 varietate
666 947 767 1034 magis
802 954 994 1038 conspicuus
1009 987 1011 990 ·
1029 961 1061 1016 et
1093 957 1148 1039 qui
1170 957 1279 1018 tritam
1303 978 1323 1019 a

145 1057 248 1121 doctis
283 1055 412 1140 quidem
446 1063 479 1119 et
512 1056 685 1120 litterarum
721 1060 831 1143 peritis
856 1060 1063 1144 scriptoribus
1088 1063 1173 1124 viam
1193 1060 1322 1145 longius

145 1164 307 1248 reliquerit
330 1165 413 1226 inter
435 1164 606 1248 scriptores
630 1166 811 1229 invenietur
829 1165 972 1244 Latinos,
986 1189 1081 1251 quam
1093 1167 1321 1231 Tertullianus.

189 1270 250 1334 Est
284 1271 380 1354 igitur
410 1292 525 1356 operae
549 1273 685 1356 pretium
709 1274 814 1336 visum
837 1275 870 1336 in
893 1275 961 1360 eius
985 1274 1139 1358 imprimis
1164 1277 1322 1337 sermonis

144 1379 230 1462 leges
245 1379 422 1470 inquirere,
448 1383 482 1439 ut
505 1376 675 1461 aliquando
698 1380 732 1441 in
755 1385 844 1442 tanta
864 1380 1020 1442 varietate
1042 1378 1322 1464 deprehendamus

145 1486 308 1560 unitatem,
332 1482 560 1567 utaliquando
584 1483 736 1547 Proteum
760 1485 848 1547 illum
872 1485 1068 1568 colligemus,
1093 1507 1204 1548 verum
1226 1485 1323 1548 huius

144 1591 390 1656 chamaeleontis
414 1590 552 1654 colorem
576 1589 791 1675 dispiciamus.

189 1698 302 1782 Neque
329 1714 411 1761 ¹vero
445 1697 626 1780 ignoramus
649 1718 714 1759 non
737 1719 794 1760 nos
819 1719 903 1760 nunc
927 1699 1046 1782 primos
1068 1699 1103 1760 in
1126 1698 1187 1762 hoc
1213 1698 1324 1762 studio

145 1807 274 1881 versari,
304 1805 422 1888 quippe
446 1805 500 1886 qui
522 1825 596 1866 mox
620 1805 718 1866 simus
742 1804 964 1880 enumeraturi,
989 1806 1042 1888 qui
1073 1806 1107 1866 in
1130 1804 1190 1868 hoc
1215 1808 1324 1890 spatio

144 1934 203 1998 nos
227 1911 468 1996 praecesserint.
492 1909 606 1993 Neque
630 1911 741 1973 tironis
766 1931 836 1973 esse
860 1917 967 1995 potest
987 1912 1163 1974 inmensam
1187 1933 1322 1995 operum

53 2073 65 2082 .,
144 2017 410 2082 Tertullianorum
436 2015 636 2100 farraginem,
663 2038 742 2080 cum·
759 2018 913 2080 sermonis
929 2017 1098 2081 insolentia
1113 2025 1182 2079 tum
1194 2016 1324 2080 abstru-

146 2124 281 2188 sioribus
311 2121 580 2207 disputationibus
604 2122 768 2186 intellectu
795 2121 1020 2199 difficillimam,
1045 2124 1226 2186 universam
1250 2145 1325 2207 per·

146 2233 289 2296 scrutari.
330 2229 481 2294 Contenti
515 2228 633 2291 luimus
662 2251 741 2314 opus
770 2228 1000 2314 Septimianum
1024 2236 1056 2293 et
1077 2229 1324 2306 nobilissimum,

146 2337 295 2422 quodque
318 2339 352 2398 in
366 2335 530 2399 hominum
541 2336 687 2399 manibus
704 2336 874 2420 plurimum
886 2342 1040 2413 versatur,
1055 2342 1203 2399 accurate
1215 2335 1324 2419 legere

146 2453 179 2508 et
200 2444 351 2528 relegere,
375 2444 543 2526 omniaque
567 2440 729 2518 adnotare,
755 2463 835 2526 quae
860 2464 879 2505 a
899 2443 1027 2505 tritiore.
1045 2440 1174 2504 dicendi
1197 2443 1324 2505 ratione

146 2552 217 2636 plus
262 2551 409 2612 minusve
455 2548 557 2612 aliena
598 2547 791 2627 viderentur,
829 2570 1019 2632 quamquam
1049 2570 1114 2611 non
1147 2549 1324 2624 nescimus

146 2659 286 2722 omnium
308 2656 387 2732 tere,
412 2676 493 2739 quae
516 2654 601 2739 apud
625 2657 809 2740 posterioris
833 2657 905 2718 aevi
929 2663 960 2718 et
983 2656 1016 2717 in
1040 2655 1214 2739 provinciis
1227 2661 1325 2718 natos

147 2767 318 2849 scriptores
339 2763 501 2846 'leguntur
533 2763 661 2847 propria
693 2774 725 2824 et
747 2762 787 2825 ab
811 2763 1013 2845 antiquorum
1034 2783 1093 2823 usu
1116 2759 1324 2838 declinantia,

145 2871 288 2956 germina
310 2867 439 2952 quidem
455 2875 488 2930 et
502 2861 659 2953 principia
674 2869 708 2930 in
724 2869 900 2951 antiquiore
918 2875 950 2931 et·
964 2869 1063 2950 magis
1080 2868 1179 2952 polita
1194 2867 1325 2948 linguae

147 2977 250 3041 torma
273 2982 305 3038 et
328 2981 431 3038 aetate
455 2996 520 3036 non
543 2973 637 3058 plane
662 2972 846 3036 desiderari.

191 3083 421 3164 Quaecumque
445 3079 629 3163 collegimus
654 3101 691 3143 eo
714 3081 901 3163 praesertim
924 3079 1057 3143 consilio
1080 3081 1114 3142 in
1128 3101 1227 3141 unum
1242 3101 1325 3142 con-

147 3191 275 3253 tulimus
311 3187 508 3272 opusculum,
544 3193 579 3248 ut
614 3187 804 3270 quicumque
827 3185 1015 3249 Tertulliani
1038 3184 1203 3248 studiosus·
1224 3194 1324 3263 esset,
1368 3231 1369 3234 ,

147 3297 241 3361 tacile
277 3315 358 3378 quae
393 3295 425 3355 in
457 3293 526 3355 aliis
558 3291 700 3355 eiusdem
736 3292 899 3376 scriptoris
923 3278 1072 3376 operibus
1096 3292 1324 3356 observatione

102 3439 103 3442 ¹
148 3411 180 3467 et
198 3403 350 3466 memoria
365 3399 461 3483 digna
476 3400 648 3483 reperisset
663 3399 867 3462 collectaneis
883 3399 1000 3462 nostris
1016 3396 1185 3461 inserendo
1202 3395 1323 3462 addere

149 3516 267 3596 posset.

193 3615 321 3693 Quibus
352 3620 477 3699 praeter
500 3613 604 3696 ipsum
626 3610 857 3678 Tertullianum
884 3612 896 3649 1
924 3610 1067 3674 tontibus
1091 3612 1124 3673 in
1147 3611 1208 3674 hoc
1231 3633 1322 3693 com-

148 3723 303 3787 mentario
327 3716 558 3783 conscribendo
582 3717 631 3779 usi
655 3718 763 3792 simus
787 3715 839 3779 hic
862 3715 946 3779 intra
969 3717 1221 3780 enumerabitur:

148 3845 362 3881 -—-.-.l.-

189 3954 195 3980 ¹
215 3954 315 4018 Editio,
345 3972 400 4024 qua
431 3971 536 4023 semper
557 3970 622 4006 usus
641 3969 711 4017 sum,
730 3957 771 4005 est
793 3952 968 4006 Ostorium:
986 3952 1020 4018 Q.
1041 3951 1166 4021 Septimii
1184 3951 1322 4008 Florentia

147 4043 309 4095 Tertulliani
328 4042 538 4112 Apologeticum
556 4047 584 4094 et
602 4041 638 4095 ad
656 4040 778 4093 nationes
797 4039 860 4093 libri
878 4040 942 4094 duo.
960 4040 1051 4094 Halae
1071 4039 1135 4094 Sax.
1158 4041 1235 4094 1849.
