2788 4500
732 179 881 294 34⁴

169 377 344 440 communis
369 367 581 438 conditionis?
604 374 635 436 si
657 376 790 456 magus?
806 374 838 462 si
853 381 926 459 post
941 379 1080 438 mortem
1087 374 1127 439 de
1141 376 1303 460 sepulchro
1313 399 1334 438 a

168 481 335 567 discipulis
358 481 548 566 subreptus?
571 481 603 543 sl
625 502 709 544 nunc
733 478 871 563 denique
894 469 993 565 penes
1017 481 1161 545 inferos?
1184 483 1216 545 si
1230 485 1326 546 nonin

168 589 264 653 caelis
299 591 415 674 potius,
451 597 483 651 et
516 586 591 651 inde
619 594 772 662 venturus
795 608 869 650 cum
892 589 989 650 totius
1012 586 1123 651 mundi
1146 603 1244 666 motu,
1268 611 1328 653 cum

116 703 122 717 ’
167 695 254 760 orbis
278 695 417 772 horrore,
442 717 515 758 cum
538 695 669 778 planctu
689 687 839 771 omnium,
865 692 922 757 sed
946 715 1009 756 non
1033 693 1292 772 Christianorum,
1302 702 1329 756 ut

168 800 221 864 dei
245 803 346 864 virtus
374 796 406 865 et
427 800 479 864 dci
501 801 631 886 spiritus
656 807 687 862 et
711 820 814 863 sermo
838 806 870 862 et
890 800 1046 883 sapientia
1073 789 1106 863 et
1128 803 1209 864 ratio
1232 809 1264 864 et
1286 799 1328 864 dei

122 940 125 947 ·
166 908 271 971 filius?
297 905 335 988 (si
359 909 529 973 lectionem
550 909 720 992 sequimur,
746 929 841 990 quam
864 905 1018 991 praebent-
1032 889 1105 973 Pul.
1121 906 1217 972 Goth.
1231 891 1328 992 Ampl.

168 1013 274 1078 Ox'on‘.
309 1015 376 1078 Erl.
412 1013 538 1098 Lugdd.
574 1012 625 1078 cd.
656 1013 818 1077 Haverk.:
848 1012 974 1090 ,dicent
996 1013 1115 1078 ibidem
1138 1022 1171 1078 et
1194 1017 1265 1100 quis
1287 1015 1329 1079 ille

167 1120 248 1184 cet.”
287 1123 387 1185 oratio
408 1129 457 1185 est
471 1119 644 1195 indirecta;
668 1121 776 1202 itaque
800 1119 861 1184 hoc
885 1121 1064 1206 exemplum
1088 1144 1161 1186 cum
1184 1124 1233 1200 iis,
1259 1143 1329 1208 quae

123 1311 127 1314 -
166 1250 264 1313 supra
286 1229 380 1292 allata
403 1235 485 1306 sunt,
511 1225 767 1310 coniungendam
791 1223 874 1306 erit.)
903 1221 913 1254 1

211 1334 315 1398 simcrl
325 1359 367 1386 =
379 1334 577 1416 simulatque
603 1333 632 1394 1Ι
647 1329 692 1412 (6)
716 1330 947 1395 Testimonium
971 1334 1168 1416 ignorantiae
1185 1342 1244 1412 est,
1258 1357 1328 1420 quac

167 1442 366 1523 iniquitatem
400 1439 477 1503 dum
511 1445 653 1515 excusat,
690 1436 889 1515 condemnat,
926 1459 998 1502 cum
1034 1461 1142 1504 omnes
1178 1442 1233 1524 qui
1255 1448 1329 1504 retro

166 1546 309 1624 oderant,
345 1549 419 1631 quia
451 1545 639 1630 ignorabant
670 1545 763 1628 quale
787 1546 829 1608 sit
851 1543 937 1628 quod
961 1544 1103 1623 oderant,
1127 1548 1231 1611 sirurll
1254 1547 1328 1612 desi·

166 1661 247 1717 nunt
268 1656 423 1738 ignorare,
448 1660 576 1716 cessant
599 1659 632 1716 'et
654 1651 760 1715 odisse
785 1647 840 1732 (ci.
865 1651 906 1715 ad
930 1651 1005 1716 Nat.
1031 1654 1061 1732 1.
1086 1655 1179 1717 simul
1199 1657 1245 1718 eis
1262 1677 1328 1720 cou-

136 1759 137 1763 ’
165 1762 238 1845 tigit
260 1757 365 1840 scire).
1313 1773 1315 1778 ·

211 1868 342 1950 qcluuclo
354 1866 575 1954 :quaerique
600 1861 734 1947 φιν-ΜΕ
761 1865 777 1927 1
804 1862 850 1945 (7)
874 1865 1003 1930 Malunt
1024 1869 1158 1944 nescire,
1182 1869 1259 1952 quia
1277 1869 1332 1930 iam

166 1973 316 2048 oderunt3
335 1973 415 2037 adeo
429 1971 518 2057 'quod
534 1973 680 2036 nesciant
695 1969 915 2056 praeiudicant
930 1970 963 2034 id
980 1993 1051 2035 csse
1068 1971 1164 2057 quod,
1181 1975 1209 2036 si
1225 1976 1331 2047 sciant,

165 2080 272 2146 odisse
295 2102 361 2144 non
383 2086 539 2165 poterant,
563 2079 694 2162 quondo
718 2079 745 2140 si
769 2077 889 2140 nullum
913 2066 977 2141 odii
1001 2074 1144 2141 debitum
1159 2077 1332 2165 deprehen·

165 2180 268 2264 (latur,
301 2189 463 2272 'optimum
496 2187 606 2268 utique
641 2185 683 2247 sit
716 2182 861 2248 desinere
896 2185 1013 2247 iniuste
1048 2183 1154 2250 odisse
1189 2208 1261 2271 sqq.
1297 2220 1332 2228 -

166 2297 186 2356 2
212 2291 279 2375 (10)
303 2267 542 2378 Respondendi‚
563 2288 737 2355 altercandi
753 2289 889 2353 facultas
905 2298 1003 2374 patet,
1021 2293 1152 2373 pilando
1168 2314 1228 2356 nec
1245 2293 1334 2372 liceat

165 2400 351 2465 indefensos
376 2408 408 2464 et
430 2398 590 2482 inauditos
614 2399 743 2460 omnino
767 2395 919 2460 damnari.
944 2397 985 2460 37
1012 2393 1102 2479 (192)
1126 2397 1215 2475 Quid
1231 2407 1333 2463 tamen

165 2508 206 2573 de
240 2516 306 2572 tam
341 2507 529 2596 conspiratis
565 2526 713 2589 umquam
745 2502 949 2583 denostastis,
973 2503 1014 2568 de
1037 2513 1104 2568 tam
1127 2508 1275 2571 animatis
1300 2505 1334 2570 ad

163 2622 298 2678 mortem
318 2635 419 2698 usque
436 2635 493 2698 pro
508 2613 624 2675 iniuria
638 2601 851 2696 repensatum,
869 2613 1000 2693 qucndo
1018 2609 1073 2691 (Ξ
1084 2634 1182 2702 quum
1197 2610 1334 2691 advers.)

164 2723 216 2785 vel
241 2743 304 2784 uua
326 2742 390 2784 nox
413 2719 557 2804 pauculis
582 2717 695 2782 faculis
718 2717 847 2802 largiter
870 2717 1000 2780 ultionis
1024 2725 1135 2802 posset
1157 2723 1296 2804 operari,
1313 2721 1334 2781 si

164 2827 279 2892 malum
304 2826 386 2890 malo
410 2824 559 2910 dispungi
582 2805 680 2908 penes
704 2811 763 2886 nos
787 2821 952 2886 liceretP³
979 2857 1019 2865 -

208 2933 260 2998 De
284 2934 370 3016 quod
391 2932 615 2996 coniunctione
638 2952 696 3014 pro
719 2929 800 2993 Aoo.
814 2950 842 2993 c.
859 2927 924 2992 Inf.
942 2951 1039 3014 supra
1051 2930 1114 2992 iam
1130 2928 1285 2996 vidimus.
1300 2966 1335 2974 -

147 3209 149 3214 '
204 3203 266 3258 ¹0f.
279 3202 315 3257 ad
327 3202 393 3256 Nat.
406 3219 429 3256 c.
444 3202 468 3253 7.
482 3201 543 3254 2912
556 3200 618 3255 volo
630 3201 703 3254 enim
715 3201 790 3264 scire,
804 3191 826 3253 si
836 3218 884 3270 per
894 3201 960 3255 talia
969 3201 1070 3256 scelera
1080 3201 1155 3256 adire
1165 3187 1258 3272 parati
1269 3205 1337 3258 estis.

163 3293 199 3348 ib.
213 3292 294 3362 cupio
306 3289 476 3361 respondeas,
490 3289 513 3342 si
524 3289 596 3342 tanti
607 3289 675 3342 facis
688 3289 884 3344 aeternitatem.

202 3379 211 3408 ¹
230 3382 372 3449 Kcffmunc
390 3378 489 3434 Gesch.
508 3377 556 3446 des
573 3377 742 3432 Kirchenlat.
754 3377 796 3432 Π.
808 3396 854 3448 pg.
868 3379 919 3432 132
932 3380 974 3444 V;
988 3380 1096 3434 Rorascb
1108 3381 1131 3434 Ι.
1145 3398 1172 3434 u.
1185 3380 1222 3435 V.
1236 3399 1266 3452 p,
1280 3383 1337 3436 405.

201 3468 211 3496 ³
230 3469 273 3524 of.
291 3467 327 3522 ad
346 3467 413 3522 Nat.
431 3467 455 3520 Ι.
476 3467 518 3520 16.
537 3467 603 3521 320:
622 3465 703 3534 plane
721 3483 755 3520 ex
773 3465 866 3536 aliqua
884 3465 1029 3537 disciplina
1045 3468 1189 3523 severiores
1202 3475 1255 3524 aut
1268 3477 1338 3525 ceno

160 3564 285 3630 respectu
303 3555 436 3611 eiusmodi
454 3560 583 3610 eventum
601 3571 617 3608 a
636 3553 748 3608 libidine
766 3556 923 3624 temperatis
942 3573 1115 3626 quocumque
1127 3556 1187 3611 loco
1200 3556 1285 3612 domi
1294 3565 1337 3613 aut

162 3665 279 3718 peregre,
308 3651 340 3699 ut
360 3661 414 3698 non
437 3643 568 3714 dispersio
586 3643 721 3696 seminum
739 3648 767 3697 et
784 3643 871 3696 saltus
890 3643 992 3714 ubique
1010 3645 1135 3699 luxuriae
1154 3647 1338 3702 nescientibus

161 3737 232 3790 lilios
250 3733 321 3798 edat,
341 3749 409 3803 quos
428 3738 477 3786 aut
494 3733 546 3802 ipsi
565 3730 740 3802 postmodum
758 3737 883 3800 parentes
902 3737 950 3784 aut
969 3732 1016 3785 alii
1032 3733 1116 3786 etiam
1128 3733 1178 3786 filii
1190 3733 1338 3797 incursent,

163 3825 269 3896 quando
294 3823 378 3876 etiarn
396 3826 518 3874 aetatum
536 3819 687 3874 moderatio
705 3817 817 3872 libidine
835 3819 946 3873 exclusa
964 3821 1008 3875 sit.
1027 3820 1063 3875 ad
1081 3821 1147 3875 Nat.
1167 3821 1207 3877 II.
1228 3824 1255 3878 5.
1276 3825 1338 3879 347:

161 3912 268 3980 qzrarulo
286 3928 320 3964 ne
339 3911 398 3980 ipsa
416 3907 528 3979 quidem
546 3925 659 3978 corpora
677 3912 725 3960 aut
743 3906 848 3960 animas
867 3908 988 3962 sufficere
1006 3909 1126 3963 licuisset
1144 3909 1203 3964 sine
1223 3911 1339 3968 elemen-

162 4005 254 4053 torum
273 4002 495 4069 temperamento.
