2788 4500
719 217 761 279 22

155 417 204 474 est
226 409 267 475 ad
290 409 514 495 depellendum
537 413 656 475 crimen
679 411 784 474 laesae
807 410 943 472 maxime
967 407 1130 472 Romanae
1153 409 1335 494 religionis,

155 517 197 580 30
223 513 313 597 (173)
339 519 480 581 sentiunt
502 541 574 582 eum
597 540 667 582 esse
689 518 783 582 deum
796 517 897 581 solum
909 517 942 578 in
955 517 1045 579 ouius
1058 515 1155 580 solius
1168 526 1336 602 potestate

154 631 241 698 arant,
274 647 294 688 a
328 646 391 709 quo
425 630 506 688 sant
540 623 672 689 secundi
707 647 777 710 sqq.
814 619 868 703 (,a
895 644 958 706 quo
981 623 1050 685 sint
1073 623 1226 688 secundi'’
1254 625 1336 690 Put.

155 730 259 814 Lugd.
294 730 321 794 Ι.
357 730 398 795 Ι1
433 731 562 816 reliquis
586 731 674 796 libris
697 740 763 795 tam
786 731 914 815 scriptis
939 751 1034 813 quam
1057 728 1152 793 editis
1177 740 1265 795 extat
1296 757 1336 810 ,a

156 859 219 921 quo
241 843 321 901 sant
344 835 500 920 secundi.)
525 839 567 902 30
592 835 683 919 (173)
708 837 900 921 Recogitant
924 857 1089 920 quousque
1106 837 1190 900 vires
1203 839 1337 924 imperii

156 945 204 1006 sui
227 943 365 1022 valeant,
390 947 489 1008 etita
512 944 607 1009 deum
630 943 834 1027 intellegunt;
858 941 1012 1006 adversus
1036 963 1130 1025 quem
1145 944 1252 1008 valere
1266 968 1336 1009 non
1379 935 1380 978 3

32 1095 34 1102 -
153 1055 308 1134 possunt,
327 1072 385 1136 per
408 1073 481 1114 eum
504 1051 610 1114 valere
634 1072 669 1114 se
693 1057 900 1134 cognoscunt.
926 1079 968 1090 -

201 1156 407 1221 ‚indicativus
440 1178 500 1240 pro
529 1157 737 1221 subiunctioo
773 1157 811 1219 in
840 1154 1064 1238 propositione
1086 1157 1223 1220 relativo
1248 1179 1340 1240 quae
1379 1173 1380 1194 l

155 1262 225 1325 vira
259 1263 352 1326 tabet
385 1264 633 1327 consecutiestis.
672 1264 711 1326 21
745 1258 836 1342 (133)
862 1257 896 1323 si
920 1283 957 1324 ea
980 1268 1029 1324 est
1052 1283 1115 1345 qua
1137 1264 1267 1345 cognita
1291 1265 1336 1328 ad

156 1367 274 1432 bonum
306 1371 378 1453 quis
412 1370 623 1453 reformatur,
648 1365 791 1453 sequitur
825 1375 861 1430 ut
894 1366 995 1430 falsae
1029 1370 1236 1432 renuntietur.
1274 1368 1331 1450 (ad
1379 1399 1380 1476 p

158 1474 274 1538 bonum
309 1477 380 1560 quis
414 1474 605 1540 reformatur
638 1473 828 1538 ABFGdef.
861 1472 1025 1548 Vindob.;
1051 1473 1092 1537 ad
1115 1473 1233 1538 bonum
1261 1481 1336 1561 quis

155 1580 346 1645 reformetur
390 1581 449 1646 Ec.
485 1581 606 1646 Erlmt.
638 1580 923 1656 ,Oxon.Ambros.;
957 1582 1028 1664 quis
1063 1578 1256 1645 reformetur
1290 1585 1334 1648 ad

156 1686 274 1751 bonum
297 1684 412 1768 Dab.):
437 1689 479 1751 33
504 1684 593 1770 (179)
618 1710 713 1774 quem
736 1709 868 1752 necesse
892 1694 942 1750 est
964 1687 1175 1771 suspiciamus
1199 1695 1235 1751 ut
1257 1711 1334 1755 eum

157 1815 250 1877 quem
285 1793 432 1858 dominus
467 1801 577 1858 noster
599 1794 691 1878 clepit
715 1791 823 1878 (elegit
846 1791 1051 1857 ABEFGde.
1074 1791 1179 1858 Oxon.
1203 1794 1332 1860 Erfurt.

156 1897 289 1963 Pamelii
312 1898 403 1976 libri3
429 1901 559 1983 elegerit
589 1897 707 1980 Dabo.)
732 1902 774 1964 25
800 1896 889 1981 (161)
918 1899 1035 1963 Nonne
1059 1902 1144 1963 omni
1167 1899 1334 1986 Capitolio
1379 1899 1380 1908 ’

156 2006 311 2070 tumulum
345 2005 433 2070 illmn
465 2029 557 2070 suum
591 2009 839 2092 praeposuisset,
874 2015 910 2069 ut
944 2028 982 2069 ea
1015 2008 1122 2091 potius
1152 2005 1221 2070 orbi
1244 2016 1336 2073 terra

156 2114 370 2198 praecelleret,
395 2137 476 2198 quae
500 2116 622 2178 cineres
645 2111 735 2179 Iovis
760 2114 865 2177 tecit?
886 2114 927 2177 36
942 2109 1032 2193 (190)
1056 2112 1151 2177 Adeo
1174 2115 1279 2198 pietas
1300 2127 1336 2179 et

155 2219 266 2303 religio
290 2228 322 2284 et
351 2220 430 2284 fides
462 2219 704 2306 imperatoribus
727 2218 836 2283 debita
859 2241 921 2282 non
947 2221 980 2282 in
1008 2218 1189 2283 huiusmodi
1213 2218 1334 2285 officiis

155 2327 309 2398 consistit,
347 2326 462 2410 quibus
494 2334 527 2390 et
547 2326 705 2396 hostilitas
728 2327 827 2410 magis
852 2325 893 2390 ad
917 2326 1131 2390 velamentum
1152 2328 1201 2390 sui
1220 2333 1336 2410 potest

155 2430 254 2515 fungi,
293 2431 403 2496 sedin
425 2432 474 2496 his
498 2431 638 2496 moribus
661 2431 775 2517 quibus
800 2431 950 2496 divinitas
976 2427 1009 2511 (†
1034 2431 1122 2496 locus
1145 2433 1337 2518 corruptus)

154 2538 296 2621 imperat
324 2546 389 2602 tam
412 2560 489 2603 vere
512 2561 607 2622 quam
630 2540 716 2603 circa
741 2560 850 2602 omnes
878 2560 1010 2603 necesse
1033 2537 1153 2602 habent
1173 2538 1335 2604 exhiberi.

156 2645 197 2708 41
239 2641 328 2727 (218)
370 2645 499 2709 Etenim
534 2644 716 2709 credibilius
750 2644 860 2709 haberi
901 2644 998 2709 debet
1036 2667 1108 2708 eum
1142 2647 1235 2709 irasci
1274 2650 1333 2731 qui

155 2750 340 2835 neglegatur
362 2773 456 2836 quam
480 2753 534 2835 qui
557 2753 720 2814 collector.
1376 2817 1377 2846 ,

200 2857 405 2921 Indr'cctlccs
438 2877 499 2940 pro
530 2857 738 2921 sabianetioo
767 2858 806 2919 c'n
824 2858 1049 2940 propositione
1071 2858 1218 2934 relation,
1242 2879 1334 2940 pirae

155 2963 224 3026 rora
246 2963 339 3026 babet
362 2965 541 3027 casualem:
564 2964 606 3026 24
632 2960 723 3044 (157)
747 2961 919 3026 Laedimus
942 2953 1104 3027 Romanos
1117 2985 1176 3027 nec
1188 2962 1332 3027 Romani
1376 2941 1377 2991 l

155 3068 308 3133 habemur
342 3071 396 3154 qui
425 3093 487 3134 non
516 3070 731 3135 Romanorum
756 3070 850 3134 deum
873 3071 1025 3147 collinam
1051 3071 1093 3134 25
1119 3066 1209 3150 (159)
1235 3071 1261 3132 sl
1288 3070 1332 3134 ad
1375 3093 1376 3098 ¹

155 3175 273 3264 ultores
312 3179 445 3240 transire
484 3179 657 3262 prospexit,
693 3199 772 3261 quos
807 3177 925 3240 sciebat
963 3173 1132 3240 Graeciam
1166 3174 1333 3260 Phrygiae

156 3281 392 3347 debellatricem
427 3282 624 3348 subacturos.
653 3285 695 3347 25
721 3281 811 3365 (162)
836 3285 931 3348 etiam
953 3285 982 3346 si
1005 3285 1059 3368 qui
1083 3305 1147 3347 non
1169 3305 1329 3366 regnave·

155 3398 237 3466 runt,
262 3397 367 3454 tamen
389 3390 581 3474 regnabatur
604 3390 643 3455 ab
667 3390 736 3454 aliis
760 3389 902 3454 nondum
925 3388 1099 3454 cultoribus
1123 3391 1198 3470 suis,
1215 3391 1329 3471 astque?

155 3495 296 3560 nondum
320 3496 371 3561 dei
395 3497 604 3561 habebantur.
624 3500 635 3537 ¹
664 3498 706 3560 29
731 3494 821 3577 (172)
846 3499 920 3580 quia
943 3518 1006 3559 non
1016 3494 1154 3561 ludimus
1167 3493 1207 3558 de
1220 3493 1327 3558 officio
1373 3559 1374 3566 ,

156 3601 266 3665 salutis
290 3624 408 3681 eorum,
435 3603 494 3686 qni
516 3625 586 3667 eam
609 3625 672 3666 non
683 3607 845 3685 paternas
856 3604 889 3665 in
900 3601 1046 3666 manibus
1059 3623 1130 3665 esse
1142 3600 1327 3686 plumbatis,

157 3703 232 3786 (Pro
250 3710 321 3791 ,qui
334 3708 422 3772 eaml
437 3708 504 3772 Erl.
516 3707 614 3772 habet
631 3708 797 3792 ,quodque
809 3707 910 3786 eam”,
924 3707 1028 3792 Lugd.
1041 3707 1087 3772 Π.
1106 3709 1198 3791 ,qnia
1210 3705 1328 3788 eam'').

157 3815 199 3876 32
217 3812 309 3895 (177)
332 3815 393 3878 Est
416 3823 448 3878 et
471 3815 533 3878 alia
556 3817 655 3878 maior
666 3817 841 3878 necessitas
853 3814 946 3879 nobis
959 3813 1071 3879 orandi
1084 3835 1142 3899 pro
1153 3815 1328 3897 imperato·

196 4021 337 4076 ιΚ11111θ1
358 4023 397 4076 ΙΙ.
416 4023 593 4094 (1185211.
614 4023 638 4076 2.
