2808 4492
636 240 677 301 89

79 445 155 505 quae
178 427 245 492 illos
268 431 312 492 ad
334 432 529 496 eversionem
552 434 721 497 luminum
744 433 928 499 eitendaut.
954 436 973 498 9
999 433 1067 516 (54)
1092 445 1124 500 et
1136 439 1246 520 utique

80 551 137 592 non
172 531 295 598 deesset
329 536 422 616 vobis
457 539 495 601 in
530 540 700 604 auditione
734 541 959 604 custodiarum
982 547 1012 604 et
1035 543 1245 605 damnatione

81 641 201 721 sanguis
223 640 388 707 humanus.
416 645 455 708 16
480 643 548 726 (97)
572 646 666 724 Quae
688 649 795 710 omnia
818 649 966 711 conversi
981 649 1046 710 iam
1060 648 1104 710 ad
1113 649 1245 711 delrion-

80 745 262 809 strationem
288 749 457 832 rclipionis
479 759 610 818 nostrae
634 752 884 838 repurgabimus.
911 754 951 815 21
979 749 1068 832 (116)
1093 753 1145 816 vel
1170 755 1246 837 quia

81 858 198 929 praeter
219 861 353 918 aetatem
377 879 479 941 neque
503 860 540 922 de
563 859 669 923 nictus
693 859 934 942 exceptionibus
958 880 1061 942 neque
1077 858 1117 923 de
1130 860 1245 923 solem·

82 956 222 1022 nitatibus
256 960 380 1026 dierum
415 1000 455 1008 —
491 987 564 1028 cum
598 964 620 1028 J
624 964 735 1029 udaeis
759 967 882 1048 agimus
907 972 983 1028 cett.
1008 966 1049 1028 21
1076 961 1166 1046 (124)
1191 969 1245 1050 qui

82 1082 173 1141 penes
195 1088 251 1129 vos
275 1069 431 1133 eiusmodi
454 1070 579 1135 fabulas
603 1072 744 1135 aemulas
768 1073 812 1135 ad
833 1072 1082 1134 destructionem
1096 1073 1244 1136 ueritatis

83 1166 249 1235 istiusmodi
284 1177 619 1259 praeministraverint.
649 1179 690 1241 21
717 1173 808 1257 (133)
833 1175 898 1240 Sed
922 1179 975 1261 qui
1000 1179 1064 1239 iam
1088 1176 1244 1261 expolitos

83 1281 110 1333 et
143 1277 209 1361 ipsa
240 1279 419 1345 urbanitate
451 1281 604 1368 deceptos
639 1284 677 1347 in
705 1285 899 1366 agnitionem
922 1283 1066 1345 veritatis
1091 1280 1246 1346 ocularet.

84 1378 120 1440 23
144 1378 231 1466 (149)
254 1386 379 1470 Atquin
402 1390 504 1452 omnis
528 1390 607 1453 haec
631 1397 741 1453 nostra
757 1391 790 1452 in
807 1389 878 1452 illos
895 1387 1069 1452 dominatio
1086 1396 1118 1451 et
1135 1397 1245 1472 potes-

83 1491 126 1547 tas
149 1487 187 1552 de
209 1495 422 1557 nominatione
446 1493 567 1558 Christi
589 1496 675 1559 valet
698 1503 731 1558 et
754 1496 791 1558 dc
813 1495 1113 1559 commemoratione
1132 1515 1244 1557 earnm

85 1611 159 1672 quae
190 1595 247 1660 sihi
271 1621 289 1662 a
312 1598 373 1662 deo
397 1622 454 1684 per
476 1600 629 1664 arbitrum
653 1600 815 1665 Christum
839 1601 1035 1663 imminentia
1058 1606 1246 1683 exspectant

85 1689 122 1772 (ei
153 1701 189 1764 de
220 1705 470 1770 comminatione
505 1729 532 1770 a.
557 1713 587 1771 et
609 1707 911 1771 commemoratione
935 1703 976 1770 G.
1001 1704 1065 1768 Pro
1094 1705 1241 1782 ,corum''

85 1798 110 1861 F
130 1803 221 1870 habet
248 1811 458 1894 ,ipsoramff’l
483 1814 525 1876 39
539 1809 629 1895 (200)
647 1812 778 1877 Coimus
794 1814 837 1876 ad
853 1813 1037 1875 litterarum
1052 1812 1245 1874 diuinarum

85 1917 419 1996 commemorationem,
444 1921 471 1982 si
495 1919 571 2003 quid
596 1921 811 2004 praesentium
835 1927 1015 2002 temporum
1038 1917 1173 2001 qualitas
1190 1925 1245 1981 aut

85 2033 278 2094 praemonere
301 2025 388 2108 cogit
410 2033 464 2088 aut
487 2046 726 2109 recognoscere.
743 2023 886 2088 Ibidem:
905 2022 999 2087 Certe
1015 2021 1110 2086 fidem
1124 2025 1242 2087 sanctis

85 2123 209 2188 vocibus
231 2130 400 2212 pascimus,
425 2153 515 2217 spem
539 2134 697 2214 erigimus,
720 2130 870 2220 fiduciam
894 2131 1028 2213 figimuS,
1042 2127 1242 2214 disciplinam

44 2295 52 2310 ,
82 2238 316 2314 naamam
350 2237 552 2302 nihilominus
575 2237 851 2301 inculcationibus
875 2234 1054 2313 densamus,
1085 2230 1134 2313 (in
1156 2256 1241 2297 com·

81 2335 314 2409 cinnamon
337 2344 512 2408 densamus
534 2343 549 2394 1
572 2342 727 2424 Haverc.)
752 2344 793 2406 39
818 2339 908 2423 (203)
932 2340 1046 2424 Itaque
1070 2343 1124 2425 qui
1137 2342 1241 2404 animo

85 2441 241 2528 animaque
263 2451 443 2527 miscemur,
467 2450 545 2513 nihil
568 2449 609 2515 de
632 2452 678 2514 rei
701 2450 986 2514 communicatione
1014 2446 1206 2511 dubitamus.
1225 2451 1236 2488 ¹
1270 2455 1272 2461 '

123 2653 331 2751 Substantioa
362 2661 533 2739 abstracta,
569 2662 689 2744 quibus
723 2682 804 2724 usus
840 2666 885 2724 est
923 2659 1144 2723 Tertullianus
1175 2680 1239 2742 pro

81 2764 234 2828 conmotis.
244 2765 402 2851 Tempore
414 2770 475 2832 iam
487 2768 652 2832 Ciceronis
662 2766 820 2831 voeabula
831 2766 992 2830 abstracta
1002 2788 1237 2849 nonnumquam

81 2881 138 2927 uon
171 2872 335 2950 actionem,
372 2872 427 2936 sed
458 2896 524 2936 rem
549 2874 687 2958 aliquam
710 2875 835 2937 actione
859 2870 949 2936 verbi
974 2869 1119 2936 effectam
1143 2880 1238 2956 atque

82 2961 124 3045 (ut
155 2973 215 3039 hoc
247 2981 524 3061 grammaticorum
558 2978 715 3043 vocabulo
748 2976 830 3058 utar)
855 2984 1037 3041 concretam
1059 2976 1236 3060 designant.

80 3071 233 3150 Quantum
257 3087 430 3168 poterimus
454 3085 494 3149 de
518 3087 556 3149 iis
581 3093 704 3150 tantum
727 3083 891 3148 vocabulis
918 3082 979 3146 hoc
1003 3084 1107 3167 capite
1120 3085 1237 3146 mentio

78 3177 126 3244 fiet
158 3209 235 3270 qnae
268 3213 327 3276 pro
362 3194 518 3256 concretis
550 3199 703 3277 usurpata
734 3188 819 3274 apud
854 3189 954 3253 bonos
979 3190 1149 3272 scriptores
1174 3211 1237 3252 non

78 3284 279 3359 inveniantur.
315 3296 422 3374 Quam
456 3321 602 3381 magnam
636 3300 669 3360 in
704 3297 765 3359 hoc
789 3317 849 3358 usu
872 3297 938 3358 vim
961 3292 1106 3358 habuerit
1129 3293 1236 3378 lingua

29 3459 30 3464 ,
77 3386 228 3466 Hebraica
263 3425 419 3488 quamque
454 3405 516 3469 late
552 3411 659 3489 pateat
685 3403 764 3466 haec
788 3402 965 3486 proprietas
990 3401 1021 3461 in
1046 3401 1236 3473 scriptorum

78 3509 252 3578 Praesertim
312 3512 522 3594 posteriorum
568 3507 729 3594 operibus
777 3504 949 3570 ostendunt
994 3504 1236 3570 innumerabilia

76 3633 279 3656 *Qu——

27 3775 28 3782 Ν
110 3707 227 3769 ι0100
245 3717 310 3771 nat.
321 3703 383 3772 1'10
395 3699 469 3786 (304)
480 3718 573 3786 immo
597 3718 652 3770 ram
665 3733 712 3786 per
724 3715 788 3769 deos
801 3712 938 3767 deierandi
951 3713 1102 3783 pecuum
1115 3715 1233 3778 evenus,

76 3798 171 3861 potiore
196 3803 291 3858 habita
312 3805 440 3874 religione
458 3823 506 3875 per
524 3805 668 3859 Caesarem
686 3801 833 3864 deierandi,
853 3801 926 3870 quod
945 3807 973 3856 et
992 3802 1081 3871 ipsum
1100 3804 1137 3856 od
1153 3803 1234 3870 offus-

26 3879 28 3884 ’
77 3886 197 3944 minnan
215 3893 331 3961 pertinet
348 3894 458 3946 demum
475 3898 630 3946 aestrorum.
649 3891 720 3944 Λᾶν.
740 3890 825 3943 Mare.
844 3889 897 3943 IV.
915 3889 949 3943 36
962 3889 998 3957 (0.
1012 3890 1051 3944 ΙΙ.
1064 3909 1091 3961 p.
1105 3892 1165 3944 257.
1179 3890 1233 3957 25.)

75 3967 114 4025 Ab
138 3977 183 4032 illo
207 3978 258 4034 deo
280 3979 448 4036 descendisse
466 3980 559 4033 Iesum
577 3979 612 4033 ad
630 3979 803 4032 deiectmmm
821 3978 957 4042 creatoris,
976 3978 1012 4032 ad
1030 3978 1233 4032 destructionem

78 4057 135 4126 lau
159 4073 182 4121 et
204 4069 422 4136 prophetarum?
448 4067 628 4136 (deiectionem
656 4067 691 4129 (1.,
711 4066 790 4122 Fun.
811 4066 872 4120 Urs.
884 4086 891 4129 ;
909 4067 1077 4120 detectionem
1096 4066 1143 4120 BC
1161 4064 1232 4133 abo.)
