2808 4492
600 224 765 286 Ι82

158 441 215 484 nee
257 427 341 484 totos
383 419 532 496 avellant,
576 417 743 503 dissipent,
775 419 975 502 distrahant).
1013 422 1054 485 46
1091 418 1183 501 (238)
1219 419 1326 484 Chris-

159 529 262 591 tianus
307 547 365 590 uec
408 527 441 589 in
487 547 657 610 pauperem
702 525 855 610 superbit.
892 524 984 606 (Post
1019 527 1117 592 verba
1156 526 1326 604 ,Christia-

157 657 217 698 nus
233 632 311 698 nec”
331 631 425 696 Fuld.
443 635 553 696 inserit
574 630 884 714 ,contumeliosus.”)
902 635 944 697 46
963 630 1052 715 (288)
1071 632 1105 697 si
1121 632 1161 698 de
1174 632 1328 697 modestia

157 748 286 817 certem,
310 761 386 804 ecce
409 738 606 823 Pythagoras
630 737 714 823 apud
735 738 881 818 Thurios,
907 740 1016 804 Zenon
1037 739 1122 825 apud
1139 740 1328 816 Prienenses

158 845 357 930 tyrannidem
381 844 554 922 adfectant,
579 845 779 910 Christianus
799 868 875 911 vero
891 868 949 910 uec
965 846 1168 912 aedilitatem.
1182 849 1224 912 46
1238 844 1329 927 (239)

159 952 358 1018 Christianus
381 973 439 1016 uec
461 953 623 1015 inimicum
648 973 738 1015 suum
761 951 869 1016 laedit.

203 1059 269 1124 Nee
285 1110 291 1123 .
307 1107 336 1123 ..
360 1058 472 1122 saltim
495 1083 537 1110 =
560 1079 601 1121 rae
615 1107 622 1120 .
637 1107 667 1122 ..
692 1059 823 1140 quidem
851 1061 862 1098 ¹
891 1061 1052 1122 invenitur
1075 1060 1117 1122 48
1143 1056 1243 1140 (250).
1286 1059 1333 1122 At

159 1169 243 1230 enim
277 1165 477 1229 Christianus
513 1167 539 1228 si
574 1163 614 1229 de
648 1164 775 1228 homine
807 1165 966 1228 hominem
991 1167 1159 1250 ipsumque
1183 1165 1223 1229 de
1247 1164 1334 1242 Gaio

159 1273 276 1338 Gaium
311 1271 459 1336 reducem
495 1273 702 1355 repromittat,
733 1271 893 1356 lapidibus
917 1274 1017 1356 magis
1042 1269 1096 1351 (=
1120 1270 1250 1357 potius),
1275 1295 1336 1337 nee

157 1381 269 1444 saltim
304 1391 346 1441 <
370 1377 471 1442 sibilis
495 1393 537 1442 >
561 1377 705 1442 coetibus
730 1400 749 1441 a
772 1378 890 1463 populo
916 1380 1069 1462 exigetur.
1096 1376 1151 1458 (ci.
1178 1401 1225 1456 ea,
1250 1402 1336 1462 quae

158 1507 221 1550 van
245 1483 303 1549 der
326 1482 437 1548 Vliet:
463 1481 555 1546 Stud.
580 1481 669 1547 Eccl.
694 1507 725 1568 p.
751 1485 791 1546 41
817 1482 857 1547 de
881 1483 942 1548 hoo
966 1484 1037 1548 loco
1062 1483 1232 1569 exposuit.)

208 1589 320 1668 „Noc”
354 1611 417 1672 per
450 1575 581 1673 hyphen
614 1591 806 1654 nominihus
840 1591 992 1654 iunctum
1032 1593 1194 1654 invenitur
1218 1593 1236 1654 2
1264 1589 1334 1672 (17)

159 1697 241 1762 Cum
279 1699 376 1780 igitur
409 1698 442 1758 in
477 1695 623 1760 omnibus
658 1719 717 1760 nos
754 1697 845 1761 aliter
876 1697 1054 1783 disponatis
1090 1721 1184 1782 quam
1208 1705 1337 1761 ceteros
1369 1751 1371 1754 .
1396 1737 1397 1740 =

160 1811 321 1880 nocentes
346 1802 387 1866 ad
410 1824 509 1866 unum
532 1802 767 1880 contendendo,
793 1812 828 1866 ut
850 1803 890 1888 de
915 1825 952 1867 eo
976 1807 1103 1868 nomine
1127 1802 1341 1867 excludamur

161 1908 371 1992 (excludimur
406 1912 498 1988 enim,
534 1912 561 1972 si
596 1908 751 1973 iaciamus
787 1932 867 1994 quae
896 1909 1020 1974 iaciunt
1042 1932 1110 1974 11011
1137 1909 1341 1984 0111311001)

85 2047 87 2051 ·
160 2041 229 2103 sqq.
266 2018 308 2080 24
345 2013 422 2097 (156
452 2024 485 2080 et
510 2014 585 2096 157)
610 2015 781 2080 Laedimus
805 2017 967 2080 Romanos
991 2039 1051 2082 nec
1074 2017 1211 2080 Romani
1233 2015 1341 2080 habe-

87 2131 89 2137 '
160 2147 230 2188 mur
267 2126 322 2208 qui
344 2144 413 2186 uon
436 2123 664 2186 Romanorum
687 2122 781 2186 deum
806 2122 949 2187 colimus.
975 2125 1016 2187 35
1042 2119 1132 2204 (187)
1156 2121 1257 2187 Unde
1283 2127 1343 2207 qui

160 2233 271 2296 armati
308 2230 460 2315 palatium
494 2231 688 2314 inrumpunt,
725 2229 872 2294 omuibus
907 2238 955 2293 tot
979 2228 1109 2325 Sigeriis
1133 2238 1229 2313 atque
1255 2229 1342 2293 Par-

161 2339 277 2402 theniis
314 2336 528 2401 audaciores?
563 2337 614 2400 De
642 2336 806 2413 Romanis
831 2339 892 2399 nisi
916 2335 1019 2416 fallor,
1055 2335 1088 2399 id
1112 2343 1161 2399 est
1184 2334 1225 2399 de
1250 2358 1343 2400 11011-

165 2444 376 2509 Oltrt'sliuut'a
400 2441 456 2506 ’44
492 2440 583 2524 (228)
613 2443 717 2506 Nemo
752 2442 816 2506 illic
841 2442 1051 2520 Christianus
1076 2443 1137 2506 nisi
1161 2443 1259 2525 plane
1284 2451 1343 2506 tan

160 2561 228 2614 tum
251 2549 461 2626 Christianus
486 2556 541 2612 aut
564 2551 590 2612 si
615 2557 647 2612 et
670 2548 766 2625 aliud,
791 2551 852 2612 iam
877 2570 945 2613 aon
973 2549 1192 2613 Christianus

638 2760 852 2773 nu—-v-

507 2883 574 2949 Du
599 2883 974 2953 SUBST'AN'I'IVO.

203 3083 309 3146 Multa
340 3081 541 3147 substantiva
566 3081 695 3146 mobilia
717 3084 749 3145 in
777 3088 827 3146 tor
850 3091 882 3146 et
906 3085 972 3148 tris
996 3083 1176 3148 desinentia
1199 3083 1347 3150 adiecti·

160 3212 273 3253 vorum
311 3197 456 3252 naturam
479 3187 621 3252 induisse
645 3187 729 3273 apud
753 3188 994 3265 Tertullianum,
1018 3190 1079 3254 hoo
1103 3192 1136 3252 in
1159 3212 1220 3253 usu
1247 3192 1347 3277 Apu·

160 3296 256 3359 leium
279 3303 434 3385 secutum,
459 3316 498 3358 ex
523 3293 739 3378 compluribus
763 3295 921 3380 exemplis
938 3293 1200 3381 111110111101011.2
1228 3297 1348 3362 Multo

159 3403 277 3464 maiore
313 3409 417 3465 tamen
452 3398 610 3486 prioribus
645 3392 777 3464 libidine
812 3399 1027 3464 Tertullianus
1063 3423 1139 3464 usus
1174 3410 1235 3464 est.
1265 3403 1348 3467 Non

160 3509 244 3570 enirn
268 3507 476 3572 substantivis
501 3504 684 3570 verbalibus
709 3513 878 3571 contentus
903 3507 965 3570 alia
989 3530 1115 3592 quoque
1131 3506 1350 3574 substantiva

199 3714 205 3740 ¹
226 3715 335 3768 Rdnsch
353 3714 389 3766 It.
409 3730 435 3766 u.
455 3713 490 3766 V.
510 3730 555 3782 pg.
574 3713 636 3766 482.
655 3713 790 3784 Exempla
808 3714 884 3784 larga
903 3732 986 3768 manu
1012 3715 1190 3786 suppeditant
1201 3716 1352 3788 Spaldinfr

159 3803 195 3856 ad
214 3803 325 3868 Quinct.
345 3801 368 3855 Ι.
390 3802 412 3855 1.
433 3801 467 3854 24
486 3807 513 3854 et
532 3802 666 3871 imprimis
685 3801 804 3854 Hiutetr.
818 3802 853 3855 ad
863 3802 947 3872 Apul.
958 3803 1071 3857 Metam.
1081 3805 1135 3858 IX.
1145 3804 1188 3858 26.
1199 3821 1227 3874 p.
1240 3807 1350 3861 846.-

197 3888 207 3914 ¹
227 3890 297 3942 Sitll.
318 3888 378 3946 „die
396 3888 451 3942 lolx.
470 3889 583 3942 Versch.
603 3889 651 3942 der
668 3890 716 3942 lat.
736 3889 856 3958 Sprache
874 3908 919 3960 pg.
941 3892 999 3946 110.
1020 3918 1061 3930 -·

156 4046 160 4053 .
195 3977 317 4030 Schmidt
339 3977 557 4040 ,Commentatic
576 3977 609 4030 de
619 3979 771 4031 nominum
790 3977 943 4032 verbalium
963 3981 990 4032 in
1001 3987 1042 4033 tor
1051 3983 1141 4036 ettris
1150 3981 1353 4040 desinentium

159 4063 234 4134 apud
251 4065 451 4118 Tertullianum
469 4065 548 4133 copia
566 4082 598 4118 ac
616 4066 641 4116 vi
663 4065 739 4118 1878.
758 4083 802 4135 pg.
824 4067 854 4120 ll
876 4067 941 4137 Sqq.
