<?xml version="1.0" encoding="UTF-8"?>
<!DOCTYPE html PUBLIC "-//W3C//DTD XHTML 1.0 Transitional//EN"
    "http://www.w3.org/TR/xhtml1/DTD/xhtml1-transitional.dtd">
<html xmlns="http://www.w3.org/1999/xhtml" xml:lang="en" lang="en">
 <head>
  <title>
</title>
<meta http-equiv="Content-Type" content="text/html;charset=utf-8" />
  <meta name='ocr-system' content='tesseract 3.04.00' />
  <meta name='ocr-capabilities' content='ocr_page ocr_carea ocr_par ocr_line ocrx_word'/>
</head>
<body>
  <div class='ocr_page' id='page_1' title='image "./delatinitatequa01blokgoog_0139.png"; bbox 0 0 2808 4492; ppageno 0'>
   <div class='ocr_carea' id='block_1_1' title="bbox 697 215 759 278">
    <p class='ocr_par' dir='ltr' id='par_1_1' title="bbox 697 215 759 278">
     <span class='ocr_line' id='line_1_1' title="bbox 697 215 759 278; baseline 0.032 -2"><span class='ocrx_word' id='word_1_1' title='bbox 697 215 759 278; x_wconf 88' lang='grc'><strong>126</strong></span> 
     </span>
    </p>
   </div>
   <div class='ocr_carea' id='block_1_2' title="bbox 139 389 1304 1026">
    <p class='ocr_par' dir='ltr' id='par_1_2' title="bbox 139 389 1301 814">
     <span class='ocr_line' id='line_1_2' title="bbox 140 389 1300 494; baseline -0.006 -20"><span class='ocrx_word' id='word_1_2' title='bbox 140 409 230 492; x_wconf 87' lang='grc'>(219)</span> <span class='ocrx_word' id='word_1_3' title='bbox 268 418 299 474; x_wconf 89' lang='lat' dir='ltr'><strong>et</strong></span> <span class='ocrx_word' id='word_1_4' title='bbox 335 411 478 494; x_wconf 88' lang='lat' dir='ltr'><strong>sequitur</strong></span> <span class='ocrx_word' id='word_1_5' title='bbox 511 417 547 472; x_wconf 90' lang='lat' dir='ltr'><strong>ut</strong></span> <span class='ocrx_word' id='word_1_6' title='bbox 569 430 679 473; x_wconf 87' lang='lat' dir='ltr'><strong>omnes</strong></span> <span class='ocrx_word' id='word_1_7' title='bbox 704 409 822 473; x_wconf 89' lang='lat' dir='ltr'><strong>saeculi</strong></span> <span class='ocrx_word' id='word_1_8' title='bbox 845 409 957 494; x_wconf 82' lang='lat' dir='ltr'>plagae</span> <span class='ocrx_word' id='word_1_9' title='bbox 978 406 1080 485; x_wconf 88' lang='lat' dir='ltr'><strong>nobis,</strong></span> <span class='ocrx_word' id='word_1_10' title='bbox 1109 407 1141 471; x_wconf 82' lang='lat' dir='ltr'><strong>si</strong></span> <span class='ocrx_word' id='word_1_11' title='bbox 1163 389 1254 489; x_wconf 74' lang='lat' dir='ltr'><strong>forie,</strong></span> <span class='ocrx_word' id='word_1_12' title='bbox 1275 407 1300 468; x_wconf 94' lang='lat' dir='ltr'><strong>in</strong></span> 
     </span>
     <span class='ocr_line' id='line_1_3' title="bbox 139 510 1300 600; baseline -0.006 -19"><span class='ocrx_word' id='word_1_13' title='bbox 139 518 395 588; x_wconf 83' lang='lat' dir='ltr'><strong>admonitionem,</strong></span> <span class='ocrx_word' id='word_1_14' title='bbox 420 515 512 580; x_wconf 88' lang='lat' dir='ltr'><strong>vobis</strong></span> <span class='ocrx_word' id='word_1_15' title='bbox 535 517 569 578; x_wconf 91' lang='lat' dir='ltr'><strong>in</strong></span> <span class='ocrx_word' id='word_1_16' title='bbox 590 517 831 600; x_wconf 73' lang='lat' dir='ltr'><strong>castigationem</strong></span> <span class='ocrx_word' id='word_1_17' title='bbox 854 539 873 579; x_wconf 89' lang='lat' dir='ltr'><strong>a</strong></span> <span class='ocrx_word' id='word_1_18' title='bbox 896 514 957 580; x_wconf 91' lang='lat' dir='ltr'><strong>deo</strong></span> <span class='ocrx_word' id='word_1_19' title='bbox 970 514 1152 579; x_wconf 85' lang='lat' dir='ltr'><strong>obveniant.</strong></span> <span class='ocrx_word' id='word_1_20' title='bbox 1166 514 1210 576; x_wconf 78' lang='lat'><strong>43</strong></span> <span class='ocrx_word' id='word_1_21' title='bbox 1224 510 1300 593; x_wconf 83' lang='grc'>(225)</span> 
     </span>
     <span class='ocr_line' id='line_1_4' title="bbox 140 611 1301 705; baseline -0.006 -17"><span class='ocrx_word' id='word_1_22' title='bbox 140 624 239 688; x_wconf 87' lang='lat' dir='ltr'><strong>Plane</strong></span> <span class='ocrx_word' id='word_1_23' title='bbox 264 621 447 703; x_wconf 84' lang='lat' dir='ltr'><strong>confitebor,</strong></span> <span class='ocrx_word' id='word_1_24' title='bbox 473 623 612 705; x_wconf 87' lang='lat' dir='ltr'><strong>quinam,</strong></span> <span class='ocrx_word' id='word_1_25' title='bbox 635 623 666 686; x_wconf 79' lang='lat' dir='ltr'><strong>ai</strong></span> <span class='ocrx_word' id='word_1_26' title='bbox 687 621 781 704; x_wconf 81' lang='lat' dir='ltr'><strong>forte,</strong></span> <span class='ocrx_word' id='word_1_27' title='bbox 806 644 882 686; x_wconf 89' lang='lat' dir='ltr'><strong>vere</strong></span> <span class='ocrx_word' id='word_1_28' title='bbox 903 611 947 686; x_wconf 86' lang='lat' dir='ltr'><strong>¹de</strong></span> <span class='ocrx_word' id='word_1_29' title='bbox 970 621 1135 685; x_wconf 80' lang='lat' dir='ltr'><strong>sterilitate</strong></span> <span class='ocrx_word' id='word_1_30' title='bbox 1156 619 1301 684; x_wconf 83' lang='lat' dir='ltr'><strong>Christia-</strong></span> 
     </span>
     <span class='ocr_line' id='line_1_5' title="bbox 140 731 585 814; baseline -0.007 -19"><span class='ocrx_word' id='word_1_31' title='bbox 140 753 253 795; x_wconf 92' lang='lat' dir='ltr'><strong>norum</strong></span> <span class='ocrx_word' id='word_1_32' title='bbox 277 731 428 813; x_wconf 84' lang='lat' dir='ltr'><strong>conqueri</strong></span> <span class='ocrx_word' id='word_1_33' title='bbox 453 731 585 814; x_wconf 82' lang='lat' dir='ltr'><strong>possint.</strong></span> 
     </span>
    </p>

    <p class='ocr_par' dir='ltr' id='par_1_3' title="bbox 140 834 1304 1026">
     <span class='ocr_line' id='line_1_6' title="bbox 189 834 1303 917; baseline -0.005 -18"><span class='ocrx_word' id='word_1_34' title='bbox 189 836 443 900; x_wconf 70' lang='lat' dir='ltr'><strong>Substantiam</strong></span> <span class='ocrx_word' id='word_1_35' title='bbox 467 836 554 917; x_wconf 87' lang='lat' dir='ltr'><strong>quod</strong></span> <span class='ocrx_word' id='word_1_36' title='bbox 575 840 621 898; x_wconf 82' lang='lat' dir='ltr'><strong>est</strong></span> <span class='ocrx_word' id='word_1_37' title='bbox 643 834 824 898; x_wconf 75' lang='lat' dir='ltr'><strong>subiectum</strong></span> <span class='ocrx_word' id='word_1_38' title='bbox 847 835 885 898; x_wconf 89' lang='lat' dir='ltr'><strong>in</strong></span> <span class='ocrx_word' id='word_1_39' title='bbox 908 834 1243 898; x_wconf 77' lang='lat' dir='ltr'><strong>sententiaindirecta</strong></span> <span class='ocrx_word' id='word_1_40' title='bbox 1253 852 1303 915; x_wconf 88' lang='lat' dir='ltr'><strong>pro</strong></span> 
     </span>
     <span class='ocr_line' id='line_1_7' title="bbox 140 938 1304 1026; baseline -0.006 -20"><span class='ocrx_word' id='word_1_41' title='bbox 140 944 258 1007; x_wconf 83' lang='lat' dir='ltr'><strong>obieeta</strong></span> <span class='ocrx_word' id='word_1_42' title='bbox 282 943 321 1005; x_wconf 87' lang='lat' dir='ltr'><strong>in</strong></span> <span class='ocrx_word' id='word_1_43' title='bbox 338 942 564 1026; x_wconf 76' lang='lat' dir='ltr'><strong>propositione</strong></span> <span class='ocrx_word' id='word_1_44' title='bbox 584 942 751 1025; x_wconf 78' lang='lat' dir='ltr'><strong>primaria</strong></span> <span class='ocrx_word' id='word_1_45' title='bbox 769 942 918 1024; x_wconf 80' lang='lat' dir='ltr'><strong>positum</strong></span> <span class='ocrx_word' id='word_1_46' title='bbox 942 942 1030 1004; x_wconf 79' lang='lat' dir='ltr'><strong>est.·¹</strong></span> <span class='ocrx_word' id='word_1_47' title='bbox 1063 942 1101 1004; x_wconf 96' lang='grc'><strong>11</strong></span> <span class='ocrx_word' id='word_1_48' title='bbox 1124 938 1190 1022; x_wconf 85' lang='grc'>(63)</span> <span class='ocrx_word' id='word_1_49' title='bbox 1210 938 1304 1018; x_wconf 88' lang='lat' dir='ltr'><strong>,Volo</strong></span> 
     </span>
    </p>
   </div>
   <div class='ocr_carea' id='block_1_3' title="bbox 1363 315 1367 360">
    <p class='ocr_par' dir='ltr' id='par_1_4' title="bbox 1363 315 1367 360">
     <span class='ocr_line' id='line_1_8' title="bbox 1363 315 1367 360; baseline 0 0"><span class='ocrx_word' id='word_1_50' title='bbox 1363 315 1367 360; x_wconf 91' lang='lat' dir='ltr'><strong>l</strong></span> 
     </span>
    </p>
   </div>
   <div class='ocr_carea' id='block_1_4' title="bbox 141 1046 1367 1240">
    <p class='ocr_par' dir='ltr' id='par_1_5' title="bbox 141 1046 1367 1240">
     <span class='ocr_line' id='line_1_9' title="bbox 141 1046 1367 1146; baseline -0.004 -34"><span class='ocrx_word' id='word_1_51' title='bbox 141 1052 237 1134; x_wconf 83' lang='lat' dir='ltr'><strong>igitur</strong></span> <span class='ocrx_word' id='word_1_52' title='bbox 267 1049 386 1112; x_wconf 80' lang='lat' dir='ltr'><strong>inerita</strong></span> <span class='ocrx_word' id='word_1_53' title='bbox 417 1071 593 1126; x_wconf 85' lang='lat' dir='ltr'><strong>recensere,</strong></span> <span class='ocrx_word' id='word_1_54' title='bbox 630 1071 669 1112; x_wconf 92' lang='lat' dir='ltr'><strong>an</strong></span> <span class='ocrx_word' id='word_1_55' title='bbox 705 1047 861 1111; x_wconf 85' lang='lat' dir='ltr'><strong>eiusmodi</strong></span> <span class='ocrx_word' id='word_1_56' title='bbox 896 1047 991 1110; x_wconf 86' lang='lat' dir='ltr'><strong>sint”.</strong></span> <span class='ocrx_word' id='word_1_57' title='bbox 1014 1047 1135 1111; x_wconf 87' lang='lat' dir='ltr'><strong>Notum</strong></span> <span class='ocrx_word' id='word_1_58' title='bbox 1158 1054 1209 1110; x_wconf 89' lang='lat' dir='ltr'><strong>est</strong></span> <span class='ocrx_word' id='word_1_59' title='bbox 1231 1046 1303 1109; x_wconf 89' lang='lat' dir='ltr'><strong>hunc</strong></span> <span class='ocrx_word' id='word_1_60' title='bbox 1366 1109 1367 1146; x_wconf 71' lang='lat'><strong>,</strong></span> 
     </span>
     <span class='ocr_line' id='line_1_10' title="bbox 142 1153 1367 1240; baseline -0.009 -21"><span class='ocrx_word' id='word_1_61' title='bbox 142 1178 234 1219; x_wconf 88' lang='lat' dir='ltr'><strong>usum</strong></span> <span class='ocrx_word' id='word_1_62' title='bbox 268 1153 465 1219; x_wconf 87' lang='lat' dir='ltr'><strong>Graecorum</strong></span> <span class='ocrx_word' id='word_1_63' title='bbox 500 1157 662 1240; x_wconf 81' lang='lat' dir='ltr'><strong>proprium</strong></span> <span class='ocrx_word' id='word_1_64' title='bbox 694 1176 775 1232; x_wconf 85' lang='lat' dir='ltr'><strong>esse,</strong></span> <span class='ocrx_word' id='word_1_65' title='bbox 804 1177 853 1219; x_wconf 87' lang='lat' dir='ltr'><strong>ex.</strong></span> <span class='ocrx_word' id='word_1_66' title='bbox 877 1177 923 1238; x_wconf 82' lang='lat' dir='ltr'><strong>gr.</strong></span> <span class='ocrx_word' id='word_1_67' title='bbox 947 1154 1056 1232; x_wconf 67' lang='lat' dir='ltr'><strong>,otone</strong></span> <span class='ocrx_word' id='word_1_68' title='bbox 1075 1158 1126 1228; x_wconf 78' lang='grc' dir='ltr'><strong>τὴν</strong></span> <span class='ocrx_word' id='word_1_69' title='bbox 1144 1166 1207 1228; x_wconf 69' lang='grc' dir='ltr'><em>γῆν,</em></span> <span class='ocrx_word' id='word_1_70' title='bbox 1228 1153 1304 1222; x_wconf 77' lang='grc' dir='ltr'>ὁπόση</span> <span class='ocrx_word' id='word_1_71' title='bbox 1365 1157 1367 1238; x_wconf 34' lang='lat'><em>2</em></span> 
     </span>
    </p>
   </div>
   <div class='ocr_carea' id='block_1_5' title="bbox 141 1258 247 1324">
    <p class='ocr_par' dir='ltr' id='par_1_6' title="bbox 141 1258 247 1324">
     <span class='ocr_line' id='line_1_11' title="bbox 141 1258 247 1324; baseline 0 -12"><span class='ocrx_word' id='word_1_72' title='bbox 141 1258 214 1312; x_wconf 74' lang='lat' dir='ltr'><strong>taen</strong></span> <span class='ocrx_word' id='word_1_73' title='bbox 223 1258 247 1324; x_wconf 84' lang='lat'><strong>;&#39;’</strong></span> 
     </span>
    </p>
   </div>
   <div class='ocr_carea' id='block_1_6' title="bbox 139 1455 1308 2174">
    <p class='ocr_par' dir='ltr' id='par_1_7' title="bbox 139 1455 1308 2174">
     <span class='ocr_line' id='line_1_12' title="bbox 141 1455 1202 1539; baseline -0.001 -20"><span class='ocrx_word' id='word_1_74' title='bbox 141 1460 385 1521; x_wconf 86' lang='lat' dir='ltr'><strong>instrumentum</strong></span> <span class='ocrx_word' id='word_1_75' title='bbox 407 1458 613 1534; x_wconf 76' lang='lat' dir='ltr'><strong>litteraturae,</strong></span> <span class='ocrx_word' id='word_1_76' title='bbox 637 1457 668 1520; x_wconf 82' lang='lat' dir='ltr'><strong>si</strong></span> <span class='ocrx_word' id='word_1_77' title='bbox 691 1456 750 1538; x_wconf 91' lang='lat' dir='ltr'><strong>qui</strong></span> <span class='ocrx_word' id='word_1_78' title='bbox 774 1457 850 1519; x_wconf 86' lang='lat' dir='ltr'><strong>uelit</strong></span> <span class='ocrx_word' id='word_1_79' title='bbox 873 1455 913 1519; x_wconf 92' lang='lat' dir='ltr'><strong>de</strong></span> <span class='ocrx_word' id='word_1_80' title='bbox 937 1455 998 1520; x_wconf 90' lang='lat' dir='ltr'><strong>deo</strong></span> <span class='ocrx_word' id='word_1_81' title='bbox 1034 1457 1202 1539; x_wconf 87' lang='lat' dir='ltr'><strong>inquirere.</strong></span> 
     </span>
     <span class='ocr_line' id='line_1_13' title="bbox 185 1560 1305 1646; baseline -0.004 -20"><span class='ocrx_word' id='word_1_82' title='bbox 185 1564 371 1627; x_wconf 82' lang='lat' dir='ltr'><strong>Licentiann</strong></span> <span class='ocrx_word' id='word_1_83' title='bbox 392 1565 541 1646; x_wconf 77' lang='lat' dir='ltr'><strong>aliquam</strong></span> <span class='ocrx_word' id='word_1_84' title='bbox 561 1564 626 1627; x_wconf 83' lang='lat' dir='ltr'><strong>sibi</strong></span> <span class='ocrx_word' id='word_1_85' title='bbox 636 1560 678 1626; x_wconf 90' lang='lat' dir='ltr'><strong>in</strong></span> <span class='ocrx_word' id='word_1_86' title='bbox 690 1560 924 1626; x_wconf 76' lang='lat' dir='ltr'><strong>collocanda</strong></span> <span class='ocrx_word' id='word_1_87' title='bbox 939 1560 1157 1644; x_wconf 79' lang='lat' dir='ltr'><strong>negatione</strong></span> <span class='ocrx_word' id='word_1_88' title='bbox 1167 1562 1305 1643; x_wconf 59' lang='lat' dir='ltr'><strong>inuuunt</strong></span> 
     </span>
     <span class='ocr_line' id='line_1_14' title="bbox 144 1665 1304 1754; baseline -0.003 -22"><span class='ocrx_word' id='word_1_89' title='bbox 144 1670 375 1734; x_wconf 73' lang='lat' dir='ltr'><strong>Tertullianus.</strong></span> <span class='ocrx_word' id='word_1_90' title='bbox 401 1672 420 1732; x_wconf 85' lang='lat'><strong>2</strong></span> <span class='ocrx_word' id='word_1_91' title='bbox 445 1668 512 1750; x_wconf 89' lang='grc'>(14)</span> <span class='ocrx_word' id='word_1_92' title='bbox 535 1669 649 1754; x_wconf 86' lang='lat' dir='ltr'><strong>Neque</strong></span> <span class='ocrx_word' id='word_1_93' title='bbox 672 1670 757 1732; x_wconf 88' lang='lat' dir='ltr'><strong>enirn</strong></span> <span class='ocrx_word' id='word_1_94' title='bbox 780 1668 852 1732; x_wconf 94' lang='lat' dir='ltr'><strong>ideo</strong></span> <span class='ocrx_word' id='word_1_95' title='bbox 872 1690 940 1732; x_wconf 88' lang='lat' dir='ltr'><strong>nan</strong></span> <span class='ocrx_word' id='word_1_96' title='bbox 958 1671 1113 1754; x_wconf 88' lang='lat' dir='ltr'><strong>putaretis</strong></span> <span class='ocrx_word' id='word_1_97' title='bbox 1125 1665 1304 1753; x_wconf 89' lang='lat' dir='ltr'><strong>requirenda</strong></span> 
     </span>
     <span class='ocr_line' id='line_1_15' title="bbox 140 1771 1304 1860; baseline -0.003 -22"><span class='ocrx_word' id='word_1_98' title='bbox 140 1775 381 1858; x_wconf 90' lang='lat' dir='ltr'><strong>quaestionibus</strong></span> <span class='ocrx_word' id='word_1_99' title='bbox 406 1775 536 1855; x_wconf 85' lang='lat' dir='ltr'><strong>scelera,</strong></span> <span class='ocrx_word' id='word_1_100' title='bbox 562 1797 631 1860; x_wconf 90' lang='lat' dir='ltr'><strong>sqq.</strong></span> <span class='ocrx_word' id='word_1_101' title='bbox 657 1777 676 1837; x_wconf 86' lang='lat'>2</span> <span class='ocrx_word' id='word_1_102' title='bbox 704 1771 772 1855; x_wconf 84' lang='lat'>(10)</span> <span class='ocrx_word' id='word_1_103' title='bbox 797 1774 925 1859; x_wconf 89' lang='lat' dir='ltr'><strong>quando</strong></span> <span class='ocrx_word' id='word_1_104' title='bbox 949 1777 977 1839; x_wconf 89' lang='lat' dir='ltr'><strong>si</strong></span> <span class='ocrx_word' id='word_1_105' title='bbox 1000 1775 1041 1840; x_wconf 87' lang='lat' dir='ltr'><strong>de</strong></span> <span class='ocrx_word' id='word_1_106' title='bbox 1061 1775 1166 1860; x_wconf 89' lang='lat' dir='ltr'><strong>aliquo</strong></span> <span class='ocrx_word' id='word_1_107' title='bbox 1178 1782 1304 1839; x_wconf 89' lang='lat' dir='ltr'><strong>nocente</strong></span> 
     </span>
     <span class='ocr_line' id='line_1_16' title="bbox 139 1881 1304 1966; baseline -0.004 -21"><span class='ocrx_word' id='word_1_108' title='bbox 139 1884 343 1966; x_wconf 77' lang='lat' dir='ltr'><strong>cognoscitis,</strong></span> <span class='ocrx_word' id='word_1_109' title='bbox 369 1904 438 1946; x_wconf 87' lang='lat' dir='ltr'><strong>uon</strong></span> <span class='ocrx_word' id='word_1_110' title='bbox 461 1884 569 1946; x_wconf 88' lang='lat' dir='ltr'><strong>statim</strong></span> <span class='ocrx_word' id='word_1_111' title='bbox 589 1881 739 1946; x_wconf 81' lang='lat' dir='ltr'><strong>confesso</strong></span> <span class='ocrx_word' id='word_1_112' title='bbox 763 1903 801 1945; x_wconf 92' lang='lat' dir='ltr'><strong>eo</strong></span> <span class='ocrx_word' id='word_1_113' title='bbox 824 1904 942 1946; x_wconf 92' lang='lat' dir='ltr'><strong>nomen</strong></span> <span class='ocrx_word' id='word_1_114' title='bbox 967 1882 1155 1961; x_wconf 87' lang='lat' dir='ltr'><strong>homicidae,</strong></span> <span class='ocrx_word' id='word_1_115' title='bbox 1172 1881 1304 1946; x_wconf 84' lang='lat' dir='ltr'><strong>contenti</strong></span> 
     </span>
     <span class='ocr_line' id='line_1_17' title="bbox 140 1988 1236 2074; baseline 0.001 -23"><span class='ocrx_word' id='word_1_116' title='bbox 140 1991 209 2052; x_wconf 91' lang='lat' dir='ltr'><strong>sitis</strong></span> <span class='ocrx_word' id='word_1_117' title='bbox 234 1988 275 2052; x_wconf 88' lang='lat' dir='ltr'><strong>ad</strong></span> <span class='ocrx_word' id='word_1_118' title='bbox 299 1988 578 2074; x_wconf 89' lang='lat' dir='ltr'><strong>pronuntiandum,</strong></span> <span class='ocrx_word' id='word_1_119' title='bbox 603 1990 665 2052; x_wconf 91' lang='lat' dir='ltr'><strong>nisi</strong></span> <span class='ocrx_word' id='word_1_120' title='bbox 689 1997 721 2052; x_wconf 97' lang='lat' dir='ltr'><strong>et</strong></span> <span class='ocrx_word' id='word_1_121' title='bbox 744 1991 973 2073; x_wconf 87' lang='lat' dir='ltr'><strong>consequentia</strong></span> <span class='ocrx_word' id='word_1_122' title='bbox 996 1992 1140 2074; x_wconf 85' lang='lat' dir='ltr'><strong>exigatis,</strong></span> <span class='ocrx_word' id='word_1_123' title='bbox 1165 2011 1236 2073; x_wconf 93' lang='lat' dir='ltr'><strong>sqq.</strong></span> 
     </span>
     <span class='ocr_line' id='line_1_18' title="bbox 185 2087 1308 2174; baseline 0.002 -15"><span class='ocrx_word' id='word_1_124' title='bbox 185 2097 354 2160; x_wconf 85' lang='lat' dir='ltr'><strong>Peeutiare</strong></span> <span class='ocrx_word' id='word_1_125' title='bbox 377 2096 449 2159; x_wconf 79' lang='lat' dir='ltr'><strong>stili</strong></span> <span class='ocrx_word' id='word_1_126' title='bbox 474 2095 669 2159; x_wconf 74' lang='lat' dir='ltr'><strong>Tertulliani</strong></span> <span class='ocrx_word' id='word_1_127' title='bbox 692 2101 756 2158; x_wconf 80' lang='lat' dir='ltr'><strong>est:</strong></span> <span class='ocrx_word' id='word_1_128' title='bbox 779 2093 972 2159; x_wconf 81' lang='lat' dir='ltr'><strong>PARUM</strong></span> <span class='ocrx_word' id='word_1_129' title='bbox 994 2092 1091 2161; x_wconf 74' lang='lat' dir='ltr'><strong>EST</strong></span> <span class='ocrx_word' id='word_1_130' title='bbox 1110 2092 1167 2174; x_wconf 82' lang='lat' dir='ltr'><strong>SI,</strong></span> <span class='ocrx_word' id='word_1_131' title='bbox 1185 2087 1308 2160; x_wconf 50' lang='lat' dir='ltr'>&#39;MUL-</span> 
     </span>
    </p>
   </div>
   <div class='ocr_carea' id='block_1_7' title="bbox 139 2196 1307 2395">
    <p class='ocr_par' dir='ltr' id='par_1_8' title="bbox 139 2196 1307 2395">
     <span class='ocr_line' id='line_1_19' title="bbox 141 2196 1307 2284; baseline -0.001 -19"><span class='ocrx_word' id='word_1_132' title='bbox 141 2199 256 2266; x_wconf 74' lang='lat' dir='ltr'>&#39;PUM</span> <span class='ocrx_word' id='word_1_133' title='bbox 288 2197 384 2266; x_wconf 67' lang='lat' dir='ltr'><strong>EST</strong></span> <span class='ocrx_word' id='word_1_134' title='bbox 422 2196 479 2265; x_wconf 85' lang='lat' dir='ltr'><strong>SI.</strong></span> <span class='ocrx_word' id='word_1_135' title='bbox 507 2199 520 2236; x_wconf 75' lang='lat'><strong>²</strong></span> <span class='ocrx_word' id='word_1_136' title='bbox 556 2203 574 2265; x_wconf 89' lang='lat'>6</span> <span class='ocrx_word' id='word_1_137' title='bbox 600 2197 667 2282; x_wconf 82' lang='grc'>(34)</span> <span class='ocrx_word' id='word_1_138' title='bbox 697 2223 823 2284; x_wconf 79' lang='lat' dir='ltr'><strong>parurn</strong></span> <span class='ocrx_word' id='word_1_139' title='bbox 858 2209 904 2266; x_wconf 87' lang='lat' dir='ltr'><strong>est</strong></span> <span class='ocrx_word' id='word_1_140' title='bbox 937 2204 969 2266; x_wconf 88' lang='lat' dir='ltr'><strong>si</strong></span> <span class='ocrx_word' id='word_1_141' title='bbox 992 2212 1173 2268; x_wconf 87' lang='lat' dir='ltr'><strong>senatorum</strong></span> <span class='ocrx_word' id='word_1_142' title='bbox 1197 2211 1230 2267; x_wconf 88' lang='lat' dir='ltr'><strong>et</strong></span> <span class='ocrx_word' id='word_1_143' title='bbox 1252 2225 1307 2266; x_wconf 93' lang='lat' dir='ltr'><strong>non</strong></span> 
     </span>
     <span class='ocr_line' id='line_1_20' title="bbox 139 2305 1307 2395; baseline -0.002 -24"><span class='ocrx_word' id='word_1_144' title='bbox 139 2307 360 2372; x_wconf 91' lang='lat' dir='ltr'><strong>libertinorum</strong></span> <span class='ocrx_word' id='word_1_145' title='bbox 395 2308 445 2372; x_wconf 91' lang='lat' dir='ltr'><strong>vel</strong></span> <span class='ocrx_word' id='word_1_146' title='bbox 477 2307 581 2372; x_wconf 89' lang='lat' dir='ltr'><strong>adhuc</strong></span> <span class='ocrx_word' id='word_1_147' title='bbox 603 2307 702 2392; x_wconf 85' lang='lat' dir='ltr'><strong>flagra</strong></span> <span class='ocrx_word' id='word_1_148' title='bbox 724 2311 939 2393; x_wconf 88' lang='lat' dir='ltr'><strong>rumpentium</strong></span> <span class='ocrx_word' id='word_1_149' title='bbox 960 2305 1003 2389; x_wconf 85' lang='lat' dir='ltr'><strong>(h.</strong></span> <span class='ocrx_word' id='word_1_150' title='bbox 1029 2332 1057 2373; x_wconf 91' lang='lat' dir='ltr'><strong>e.</strong></span> <span class='ocrx_word' id='word_1_151' title='bbox 1081 2333 1194 2395; x_wconf 90' lang='lat' dir='ltr'><strong>parum</strong></span> <span class='ocrx_word' id='word_1_152' title='bbox 1217 2318 1266 2374; x_wconf 90' lang='lat' dir='ltr'><strong>est</strong></span> <span class='ocrx_word' id='word_1_153' title='bbox 1286 2309 1307 2370; x_wconf 88' lang='lat' dir='ltr'><strong>si</strong></span> 
     </span>
    </p>
   </div>
   <div class='ocr_carea' id='block_1_8' title="bbox 140 2413 1308 2714">
    <p class='ocr_par' dir='ltr' id='par_1_9' title="bbox 140 2413 1308 2714">
     <span class='ocr_line' id='line_1_21' title="bbox 140 2413 1308 2501; baseline -0.003 -23"><span class='ocrx_word' id='word_1_154' title='bbox 140 2415 235 2478; x_wconf 90' lang='lat' dir='ltr'><strong>modo</strong></span> <span class='ocrx_word' id='word_1_155' title='bbox 270 2423 431 2478; x_wconf 89' lang='lat' dir='ltr'><strong>senatores</strong></span> <span class='ocrx_word' id='word_1_156' title='bbox 466 2415 545 2478; x_wconf 87' lang='lat' dir='ltr'><strong>tales</strong></span> <span class='ocrx_word' id='word_1_157' title='bbox 575 2414 683 2478; x_wconf 89' lang='lat' dir='ltr'><strong>lances</strong></span> <span class='ocrx_word' id='word_1_158' title='bbox 718 2413 882 2479; x_wconf 84' lang='lat' dir='ltr'><strong>faciendas</strong></span> <span class='ocrx_word' id='word_1_159' title='bbox 917 2427 1030 2480; x_wconf 90' lang='lat' dir='ltr'><strong>curant</strong></span> <span class='ocrx_word' id='word_1_160' title='bbox 1063 2439 1167 2501; x_wconf 91' lang='lat' dir='ltr'><strong>neque</strong></span> <span class='ocrx_word' id='word_1_161' title='bbox 1192 2414 1308 2481; x_wconf 89' lang='lat' dir='ltr'><strong>accedit</strong></span> 
     </span>
     <span class='ocr_line' id='line_1_22' title="bbox 141 2511 1307 2607; baseline 0.001 -23"><span class='ocrx_word' id='word_1_162' title='bbox 141 2521 228 2607; x_wconf 90' lang='lat' dir='ltr'><strong>quod</strong></span> <span class='ocrx_word' id='word_1_163' title='bbox 261 2523 356 2584; x_wconf 89' lang='lat' dir='ltr'><strong>etiam</strong></span> <span class='ocrx_word' id='word_1_164' title='bbox 388 2519 528 2584; x_wconf 88' lang='lat' dir='ltr'><strong>libertini</strong></span> <span class='ocrx_word' id='word_1_165' title='bbox 562 2527 595 2584; x_wconf 91' lang='lat' dir='ltr'><strong>et</strong></span> <span class='ocrx_word' id='word_1_166' title='bbox 629 2521 842 2607; x_wconf 86' lang='lat' dir='ltr'><strong>plagipatidae</strong></span> <span class='ocrx_word' id='word_1_167' title='bbox 877 2522 963 2586; x_wconf 88' lang='lat' dir='ltr'><strong>idem</strong></span> <span class='ocrx_word' id='word_1_168' title='bbox 985 2521 1130 2604; x_wconf 85' lang='lat' dir='ltr'><strong>faciunt.)</strong></span> <span class='ocrx_word' id='word_1_169' title='bbox 1156 2511 1197 2586; x_wconf 88' lang='grc'><strong>21</strong></span> <span class='ocrx_word' id='word_1_170' title='bbox 1226 2519 1307 2603; x_wconf 85' lang='grc'>(127)</span> 
     </span>
     <span class='ocr_line' id='line_1_23' title="bbox 141 2627 1307 2714; baseline -0.002 -23"><span class='ocrx_word' id='word_1_171' title='bbox 141 2627 350 2692; x_wconf 86' lang='lat' dir='ltr'><strong>Praedixerat</strong></span> <span class='ocrx_word' id='word_1_172' title='bbox 383 2636 413 2692; x_wconf 90' lang='lat' dir='ltr'><strong>et</strong></span> <span class='ocrx_word' id='word_1_173' title='bbox 444 2629 514 2711; x_wconf 89' lang='lat' dir='ltr'><strong>ipse</strong></span> <span class='ocrx_word' id='word_1_174' title='bbox 537 2629 582 2690; x_wconf 88' lang='lat' dir='ltr'><strong>ita</strong></span> <span class='ocrx_word' id='word_1_175' title='bbox 603 2627 763 2704; x_wconf 79' lang='lat' dir='ltr'><strong>facturos3</strong></span> <span class='ocrx_word' id='word_1_176' title='bbox 786 2649 919 2712; x_wconf 75' lang='lat' dir='ltr'><strong>parurn,</strong></span> <span class='ocrx_word' id='word_1_177' title='bbox 943 2630 975 2692; x_wconf 82' lang='lat' dir='ltr'><strong>si</strong></span> <span class='ocrx_word' id='word_1_178' title='bbox 996 2651 1061 2692; x_wconf 91' lang='lat' dir='ltr'><strong>non</strong></span> <span class='ocrx_word' id='word_1_179' title='bbox 1085 2636 1118 2693; x_wconf 91' lang='lat' dir='ltr'><strong>et</strong></span> <span class='ocrx_word' id='word_1_180' title='bbox 1140 2629 1307 2714; x_wconf 84' lang='lat' dir='ltr'><strong>prophetae</strong></span> 
     </span>
    </p>
   </div>
   <div class='ocr_carea' id='block_1_9' title="bbox 140 2721 1333 2815">
    <p class='ocr_par' dir='ltr' id='par_1_10' title="bbox 140 2721 1333 2815">
     <span class='ocr_line' id='line_1_24' title="bbox 140 2721 1333 2815; baseline -0.002 -18"><span class='ocrx_word' id='word_1_181' title='bbox 140 2743 235 2799; x_wconf 87' lang='lat' dir='ltr'><strong>retro.</strong></span> <span class='ocrx_word' id='word_1_182' title='bbox 261 2735 301 2797; x_wconf 91' lang='grc'><strong>21</strong></span> <span class='ocrx_word' id='word_1_183' title='bbox 328 2732 417 2815; x_wconf 88' lang='grc'>(131)</span> <span class='ocrx_word' id='word_1_184' title='bbox 443 2731 507 2798; x_wconf 85' lang='lat' dir='ltr'><strong>Sed</strong></span> <span class='ocrx_word' id='word_1_185' title='bbox 530 2734 775 2798; x_wconf 89' lang='lat' dir='ltr'><strong>monstrabimus</strong></span> <span class='ocrx_word' id='word_1_186' title='bbox 801 2735 893 2799; x_wconf 90' lang='lat' dir='ltr'><strong>vobis</strong></span> <span class='ocrx_word' id='word_1_187' title='bbox 917 2735 1050 2800; x_wconf 89' lang='lat' dir='ltr'><strong>idoneos</strong></span> <span class='ocrx_word' id='word_1_188' title='bbox 1072 2744 1170 2800; x_wconf 87' lang='lat' dir='ltr'><strong>testes</strong></span> <span class='ocrx_word' id='word_1_189' title='bbox 1196 2735 1308 2800; x_wconf 82' lang='lat' dir='ltr'><strong>Christi</strong></span> <span class='ocrx_word' id='word_1_190' title='bbox 1330 2721 1333 2730; x_wconf 20' lang='grc' dir='ltr'>λ</span> 
     </span>
    </p>
   </div>
   <div class='ocr_carea' id='block_1_10' title="bbox 140 2840 1308 3032">
    <p class='ocr_par' dir='ltr' id='par_1_11' title="bbox 140 2840 1308 3032">
     <span class='ocr_line' id='line_1_25' title="bbox 140 2840 1308 2927; baseline -0.001 -23"><span class='ocrx_word' id='word_1_191' title='bbox 140 2844 228 2927; x_wconf 88' lang='lat' dir='ltr'><strong>ipsos</strong></span> <span class='ocrx_word' id='word_1_192' title='bbox 252 2841 323 2904; x_wconf 91' lang='lat' dir='ltr'><strong>illos</strong></span> <span class='ocrx_word' id='word_1_193' title='bbox 348 2862 428 2925; x_wconf 90' lang='lat' dir='ltr'><strong>quos</strong></span> <span class='ocrx_word' id='word_1_194' title='bbox 451 2840 600 2904; x_wconf 78' lang='lat' dir='ltr'><strong>adoratia</strong></span> <span class='ocrx_word' id='word_1_195' title='bbox 626 2841 774 2904; x_wconf 80' lang='lat' dir='ltr'><strong>Multum</strong></span> <span class='ocrx_word' id='word_1_196' title='bbox 798 2847 844 2905; x_wconf 82' lang='lat' dir='ltr'><strong>est</strong></span> <span class='ocrx_word' id='word_1_197' title='bbox 865 2843 897 2905; x_wconf 87' lang='lat' dir='ltr'><strong>si</strong></span> <span class='ocrx_word' id='word_1_198' title='bbox 920 2865 974 2906; x_wconf 90' lang='lat' dir='ltr'><strong>eos</strong></span> <span class='ocrx_word' id='word_1_199' title='bbox 999 2841 1167 2906; x_wconf 87' lang='lat' dir='ltr'><strong>adhibeam</strong></span> <span class='ocrx_word' id='word_1_200' title='bbox 1191 2850 1228 2905; x_wconf 90' lang='lat' dir='ltr'><strong>ut</strong></span> <span class='ocrx_word' id='word_1_201' title='bbox 1251 2863 1308 2906; x_wconf 88' lang='lat' dir='ltr'><strong>ere·</strong></span> 
     </span>
     <span class='ocr_line' id='line_1_26' title="bbox 141 2946 1157 3032; baseline 0.001 -21"><span class='ocrx_word' id='word_1_202' title='bbox 141 2948 224 3012; x_wconf 86' lang='lat' dir='ltr'><strong>datis</strong></span> <span class='ocrx_word' id='word_1_203' title='bbox 249 2946 439 3011; x_wconf 82' lang='lat' dir='ltr'><strong>Christianis</strong></span> <span class='ocrx_word' id='word_1_204' title='bbox 461 2955 591 3032; x_wconf 89' lang='lat' dir='ltr'><strong>propter</strong></span> <span class='ocrx_word' id='word_1_205' title='bbox 611 2969 691 3031; x_wconf 89' lang='lat' dir='ltr'><strong>quos</strong></span> <span class='ocrx_word' id='word_1_206' title='bbox 714 2970 779 3012; x_wconf 91' lang='lat' dir='ltr'><strong>non</strong></span> <span class='ocrx_word' id='word_1_207' title='bbox 803 2947 933 3012; x_wconf 85' lang='lat' dir='ltr'><strong>creditis</strong></span> <span class='ocrx_word' id='word_1_208' title='bbox 958 2947 1157 3012; x_wconf 78' lang='lat' dir='ltr'><strong>Christianis</strong></span> 
     </span>
    </p>
   </div>
   <div class='ocr_carea' id='block_1_11' title="bbox 186 3050 1309 3139">
    <p class='ocr_par' dir='ltr' id='par_1_12' title="bbox 186 3050 1309 3139">
     <span class='ocr_line' id='line_1_27' title="bbox 186 3050 1309 3139; baseline 0 -21"><span class='ocrx_word' id='word_1_209' title='bbox 186 3050 730 3134; x_wconf 69' lang='lat' dir='ltr'><strong>VIDERIT,V1DERM‚⁸)</strong></span> <span class='ocrx_word' id='word_1_210' title='bbox 747 3053 1037 3139; x_wconf 83' lang='lat' dir='ltr'><strong>Frequentissimus</strong></span> <span class='ocrx_word' id='word_1_211' title='bbox 1054 3064 1103 3120; x_wconf 87' lang='lat' dir='ltr'><strong>est</strong></span> <span class='ocrx_word' id='word_1_212' title='bbox 1117 3055 1210 3119; x_wconf 89' lang='lat' dir='ltr'><strong>huius</strong></span> <span class='ocrx_word' id='word_1_213' title='bbox 1229 3055 1309 3119; x_wconf 91' lang='lat' dir='ltr'><strong>locu·</strong></span> 
     </span>
    </p>
   </div>
   <div class='ocr_carea' id='block_1_12' title="bbox 139 3236 1312 4101">
    <p class='ocr_par' dir='ltr' id='par_1_13' title="bbox 179 3236 1038 3307">
     <span class='ocr_line' id='line_1_28' title="bbox 179 3236 1038 3307; baseline -0.003 -16"><span class='ocrx_word' id='word_1_214' title='bbox 179 3238 188 3263; x_wconf 91' lang='lat'>¹</span> <span class='ocrx_word' id='word_1_215' title='bbox 207 3238 250 3292; x_wconf 85' lang='lat' dir='ltr'><strong>Ol.</strong></span> <span class='ocrx_word' id='word_1_216' title='bbox 271 3237 386 3291; x_wconf 86' lang='lat' dir='ltr'><strong>Kettuer.</strong></span> <span class='ocrx_word' id='word_1_217' title='bbox 407 3236 531 3307; x_wconf 82' lang='lat' dir='ltr'><strong>Sprachl.</strong></span> <span class='ocrx_word' id='word_1_218' title='bbox 551 3236 658 3306; x_wconf 85' lang='lat' dir='ltr'><strong>Eigent.</strong></span> <span class='ocrx_word' id='word_1_219' title='bbox 677 3236 751 3290; x_wconf 86' lang='lat' dir='ltr'><strong>Tert.</strong></span> <span class='ocrx_word' id='word_1_220' title='bbox 1036 3297 1038 3300; x_wconf 23' lang='lat'>¹</span> 
     </span>
    </p>

    <p class='ocr_par' dir='ltr' id='par_1_14' title="bbox 139 3324 1310 3644">
     <span class='ocr_line' id='line_1_29' title="bbox 179 3324 1310 3398; baseline -0.002 -17"><span class='ocrx_word' id='word_1_221' title='bbox 179 3324 189 3352; x_wconf 76' lang='lat'>²</span> <span class='ocrx_word' id='word_1_222' title='bbox 216 3326 259 3381; x_wconf 82' lang='lat' dir='ltr'><strong>Ol.</strong></span> <span class='ocrx_word' id='word_1_223' title='bbox 289 3326 324 3381; x_wconf 89' lang='lat' dir='ltr'><strong>ad</strong></span> <span class='ocrx_word' id='word_1_224' title='bbox 350 3326 416 3379; x_wconf 87' lang='lat' dir='ltr'><strong>Nat.</strong></span> <span class='ocrx_word' id='word_1_225' title='bbox 436 3326 476 3379; x_wconf 95' lang='lat' dir='ltr'><strong>II.</strong></span> <span class='ocrx_word' id='word_1_226' title='bbox 495 3326 519 3379; x_wconf 89' lang='lat'><strong>8.</strong></span> <span class='ocrx_word' id='word_1_227' title='bbox 540 3325 632 3394; x_wconf 83' lang='lat'>(358):</span> <span class='ocrx_word' id='word_1_228' title='bbox 650 3325 729 3380; x_wconf 89' lang='lat' dir='ltr'><strong>Haec</strong></span> <span class='ocrx_word' id='word_1_229' title='bbox 748 3325 859 3380; x_wconf 87' lang='lat' dir='ltr'><strong>libertas</strong></span> <span class='ocrx_word' id='word_1_230' title='bbox 878 3326 1100 3396; x_wconf 84' lang='lat' dir='ltr'><strong>adoptandorum</strong></span> <span class='ocrx_word' id='word_1_231' title='bbox 1118 3327 1235 3381; x_wconf 92' lang='lat' dir='ltr'><strong>deorum</strong></span> <span class='ocrx_word' id='word_1_232' title='bbox 1254 3343 1310 3398; x_wconf 90' lang='lat' dir='ltr'><strong>quo·</strong></span> 
     </span>
     <span class='ocr_line' id='line_1_30' title="bbox 139 3414 1309 3486; baseline -0.001 -18"><span class='ocrx_word' id='word_1_233' title='bbox 139 3433 225 3485; x_wconf 87' lang='lat' dir='ltr'><strong>usque</strong></span> <span class='ocrx_word' id='word_1_234' title='bbox 253 3416 396 3485; x_wconf 85' lang='lat' dir='ltr'><strong>profecerit</strong></span> <span class='ocrx_word' id='word_1_235' title='bbox 432 3414 632 3484; x_wconf 85' lang='lat' dir='ltr'><strong>Aegyptiorum</strong></span> <span class='ocrx_word' id='word_1_236' title='bbox 662 3415 867 3484; x_wconf 83' lang='lat' dir='ltr'><strong>superstitiones</strong></span> <span class='ocrx_word' id='word_1_237' title='bbox 895 3415 1001 3480; x_wconf 85' lang='lat' dir='ltr'><strong>docent,</strong></span> <span class='ocrx_word' id='word_1_238' title='bbox 1029 3417 1076 3486; x_wconf 95' lang='lat' dir='ltr'><strong>qui</strong></span> <span class='ocrx_word' id='word_1_239' title='bbox 1104 3417 1188 3470; x_wconf 91' lang='lat' dir='ltr'><strong>etiam</strong></span> <span class='ocrx_word' id='word_1_240' title='bbox 1217 3417 1309 3470; x_wconf 72' lang='lat' dir='ltr'><strong>bestia</strong></span> 
     </span>
     <span class='ocr_line' id='line_1_31' title="bbox 140 3502 1308 3574; baseline -0.001 -19"><span class='ocrx_word' id='word_1_241' title='bbox 140 3505 260 3573; x_wconf 80' lang='lat' dir='ltr'><strong>privatas</strong></span> <span class='ocrx_word' id='word_1_242' title='bbox 289 3503 383 3557; x_wconf 90' lang='lat' dir='ltr'><strong>colunt</strong></span> <span class='ocrx_word' id='word_1_243' title='bbox 410 3503 509 3571; x_wconf 85' lang='lat' dir='ltr'><strong>spiritu</strong></span> <span class='ocrx_word' id='word_1_244' title='bbox 531 3502 680 3557; x_wconf 86' lang='lat' dir='ltr'><strong>crocodilos</strong></span> <span class='ocrx_word' id='word_1_245' title='bbox 707 3509 735 3557; x_wconf 91' lang='lat' dir='ltr'><strong>et</strong></span> <span class='ocrx_word' id='word_1_246' title='bbox 763 3521 881 3574; x_wconf 85' lang='lat' dir='ltr'><strong>anguem</strong></span> <span class='ocrx_word' id='word_1_247' title='bbox 899 3522 988 3558; x_wconf 87' lang='lat' dir='ltr'><strong>suum.</strong></span> <span class='ocrx_word' id='word_1_248' title='bbox 1007 3505 1114 3559; x_wconf 82' lang='lat' dir='ltr'><strong>Parum</strong></span> <span class='ocrx_word' id='word_1_249' title='bbox 1132 3510 1170 3558; x_wconf 76' lang='lat' dir='ltr'><strong>cst</strong></span> <span class='ocrx_word' id='word_1_250' title='bbox 1187 3505 1216 3558; x_wconf 85' lang='lat' dir='ltr'><strong>si</strong></span> <span class='ocrx_word' id='word_1_251' title='bbox 1234 3507 1308 3559; x_wconf 83' lang='lat' dir='ltr'><strong>etiam</strong></span> 
     </span>
     <span class='ocr_line' id='line_1_32' title="bbox 140 3592 500 3644; baseline 0 -1"><span class='ocrx_word' id='word_1_252' title='bbox 140 3592 278 3644; x_wconf 88' lang='lat' dir='ltr'><strong>hominem</strong></span> <span class='ocrx_word' id='word_1_253' title='bbox 299 3595 500 3644; x_wconf 81' lang='lat' dir='ltr'><strong>consecrarunt.</strong></span> 
     </span>
    </p>

    <p class='ocr_par' dir='ltr' id='par_1_15' title="bbox 141 3677 1310 3905">
     <span class='ocr_line' id='line_1_33' title="bbox 176 3677 1310 3747; baseline -0.001 -16"><span class='ocrx_word' id='word_1_254' title='bbox 176 3679 219 3731; x_wconf 92' lang='lat' dir='ltr'><strong>De</strong></span> <span class='ocrx_word' id='word_1_255' title='bbox 247 3677 407 3731; x_wconf 85' lang='lat' dir='ltr'><strong>Idololatria</strong></span> <span class='ocrx_word' id='word_1_256' title='bbox 435 3678 450 3730; x_wconf 80' lang='lat'><strong>7</strong></span> <span class='ocrx_word' id='word_1_257' title='bbox 477 3677 519 3739; x_wconf 90' lang='grc' dir='ltr'><strong>(Ο.</strong></span> <span class='ocrx_word' id='word_1_258' title='bbox 538 3677 562 3730; x_wconf 94' lang='grc' dir='ltr'><strong>Ι.</strong></span> <span class='ocrx_word' id='word_1_259' title='bbox 580 3696 607 3747; x_wconf 93' lang='lat' dir='ltr'><strong>p.</strong></span> <span class='ocrx_word' id='word_1_260' title='bbox 628 3679 672 3747; x_wconf 84' lang='lat'><strong>75)</strong></span> <span class='ocrx_word' id='word_1_261' title='bbox 691 3679 750 3734; x_wconf 89' lang='lat' dir='ltr'><strong>Nec</strong></span> <span class='ocrx_word' id='word_1_262' title='bbox 769 3680 820 3734; x_wconf 89' lang='lat' dir='ltr'><strong>hoe</strong></span> <span class='ocrx_word' id='word_1_263' title='bbox 838 3680 948 3735; x_wconf 85' lang='lat' dir='ltr'><strong>sufficit.</strong></span> <span class='ocrx_word' id='word_1_264' title='bbox 967 3682 1073 3735; x_wconf 81' lang='lat' dir='ltr'><strong>Parum</strong></span> <span class='ocrx_word' id='word_1_265' title='bbox 1091 3682 1136 3746; x_wconf 81' lang='lat' dir='ltr'><strong>eit,</strong></span> <span class='ocrx_word' id='word_1_266' title='bbox 1155 3683 1184 3735; x_wconf 86' lang='lat' dir='ltr'><strong>si</strong></span> <span class='ocrx_word' id='word_1_267' title='bbox 1201 3682 1239 3736; x_wconf 89' lang='lat' dir='ltr'><strong>ab</strong></span> <span class='ocrx_word' id='word_1_268' title='bbox 1259 3683 1310 3736; x_wconf 71' lang='lat' dir='ltr'><strong>aliis</strong></span> 
     </span>
     <span class='ocr_line' id='line_1_34' title="bbox 141 3763 1310 3843; baseline 0.003 -26"><span class='ocrx_word' id='word_1_269' title='bbox 141 3765 268 3818; x_wconf 81' lang='lat' dir='ltr'><strong>manibus</strong></span> <span class='ocrx_word' id='word_1_270' title='bbox 297 3765 434 3834; x_wconf 86' lang='lat' dir='ltr'><strong>accipiant</strong></span> <span class='ocrx_word' id='word_1_271' title='bbox 460 3763 535 3834; x_wconf 90' lang='lat' dir='ltr'><strong>quod</strong></span> <span class='ocrx_word' id='word_1_272' title='bbox 553 3767 750 3832; x_wconf 86' lang='lat' dir='ltr'><strong>contaminant,</strong></span> <span class='ocrx_word' id='word_1_273' title='bbox 770 3768 919 3823; x_wconf 89' lang='lat' dir='ltr'><strong>sedetiam</strong></span> <span class='ocrx_word' id='word_1_274' title='bbox 938 3771 1012 3840; x_wconf 89' lang='lat' dir='ltr'><strong>ipsae</strong></span> <span class='ocrx_word' id='word_1_275' title='bbox 1031 3770 1144 3824; x_wconf 90' lang='lat' dir='ltr'><strong>tradunt</strong></span> <span class='ocrx_word' id='word_1_276' title='bbox 1162 3771 1225 3825; x_wconf 90' lang='lat' dir='ltr'><strong>aliis</strong></span> <span class='ocrx_word' id='word_1_277' title='bbox 1244 3770 1310 3843; x_wconf 90' lang='lat' dir='ltr'><strong>quod</strong></span> 
     </span>
     <span class='ocr_line' id='line_1_35' title="bbox 144 3852 737 3905; baseline 0.003 -1"><span class='ocrx_word' id='word_1_278' title='bbox 144 3853 409 3905; x_wconf 84' lang='lat' dir='ltr'><strong>contaminaverunt.</strong></span> <span class='ocrx_word' id='word_1_279' title='bbox 735 3852 737 3858; x_wconf 84' lang='lat'>&#39;</span> 
     </span>
    </p>

    <p class='ocr_par' dir='ltr' id='par_1_16' title="bbox 142 3937 1312 4101">
     <span class='ocr_line' id='line_1_36' title="bbox 180 3937 1312 4011; baseline 0.006 -19"><span class='ocrx_word' id='word_1_280' title='bbox 180 3937 190 3963; x_wconf 78' lang='lat'><strong>⁸</strong></span> <span class='ocrx_word' id='word_1_281' title='bbox 218 3939 260 3992; x_wconf 82' lang='lat' dir='ltr'><strong>Of.</strong></span> <span class='ocrx_word' id='word_1_282' title='bbox 280 3940 329 3992; x_wconf 85' lang='lat' dir='ltr'><strong>Cic</strong></span> <span class='ocrx_word' id='word_1_283' title='bbox 347 3939 390 3992; x_wconf 90' lang='lat' dir='ltr'><strong>ad.</strong></span> <span class='ocrx_word' id='word_1_284' title='bbox 410 3940 468 3993; x_wconf 87' lang='lat' dir='ltr'><strong>Att.</strong></span> <span class='ocrx_word' id='word_1_285' title='bbox 487 3940 556 3993; x_wconf 89' lang='lat' dir='ltr'><strong>XII.</strong></span> <span class='ocrx_word' id='word_1_286' title='bbox 577 3941 624 4004; x_wconf 85' lang='lat'><strong>21;</strong></span> <span class='ocrx_word' id='word_1_287' title='bbox 644 3940 775 4005; x_wconf 78' lang='lat' dir='ltr'><strong>Quinctil.</strong></span> <span class='ocrx_word' id='word_1_288' title='bbox 794 3944 884 3998; x_wconf 88' lang='lat' dir='ltr'><strong>Instit.</strong></span> <span class='ocrx_word' id='word_1_289' title='bbox 904 3945 980 4000; x_wconf 88' lang='lat' dir='ltr'><strong>Orat.</strong></span> <span class='ocrx_word' id='word_1_290' title='bbox 1000 3948 1024 4000; x_wconf 94' lang='lat' dir='ltr'><strong>I.</strong></span> <span class='ocrx_word' id='word_1_291' title='bbox 1042 3949 1069 4001; x_wconf 84' lang='lat'><strong>4.</strong></span> <span class='ocrx_word' id='word_1_292' title='bbox 1091 3949 1135 4011; x_wconf 87' lang='lat'><strong>10;</strong></span> <span class='ocrx_word' id='word_1_293' title='bbox 1154 3949 1191 4002; x_wconf 93' lang='lat' dir='ltr'><strong>V.</strong></span> <span class='ocrx_word' id='word_1_294' title='bbox 1213 3950 1257 4004; x_wconf 86' lang='lat'><strong>13.</strong></span> <span class='ocrx_word' id='word_1_295' title='bbox 1278 3949 1312 4001; x_wconf 89' lang='lat' dir='ltr'><strong>ll:</strong></span> 
     </span>
     <span class='ocr_line' id='line_1_37' title="bbox 142 4026 1312 4101; baseline 0.009 -22"><span class='ocrx_word' id='word_1_296' title='bbox 142 4026 211 4079; x_wconf 86' lang='lat' dir='ltr'><strong>VII.</strong></span> <span class='ocrx_word' id='word_1_297' title='bbox 243 4026 265 4078; x_wconf 91' lang='lat'><strong>1.</strong></span> <span class='ocrx_word' id='word_1_298' title='bbox 294 4027 340 4090; x_wconf 84' lang='lat'><strong>54;</strong></span> <span class='ocrx_word' id='word_1_299' title='bbox 369 4027 420 4080; x_wconf 87' lang='lat' dir='ltr'><strong>XI.</strong></span> <span class='ocrx_word' id='word_1_300' title='bbox 450 4027 475 4080; x_wconf 83' lang='lat'><strong>3.</strong></span> <span class='ocrx_word' id='word_1_301' title='bbox 505 4027 569 4090; x_wconf 83' lang='lat'>135;</span> <span class='ocrx_word' id='word_1_302' title='bbox 597 4027 706 4080; x_wconf 88' lang='lat' dir='ltr'><strong>Petron.</strong></span> <span class='ocrx_word' id='word_1_303' title='bbox 736 4029 824 4098; x_wconf 81' lang='lat' dir='ltr'><strong>Satyr.</strong></span> <span class='ocrx_word' id='word_1_304' title='bbox 854 4049 912 4101; x_wconf 90' lang='lat' dir='ltr'><strong>cap.</strong></span> <span class='ocrx_word' id='word_1_305' title='bbox 945 4035 987 4088; x_wconf 83' lang='lat'><strong>87.</strong></span> <span class='ocrx_word' id='word_1_306' title='bbox 1007 4035 1087 4090; x_wconf 81' lang='lat' dir='ltr'><strong>ovid.</strong></span> <span class='ocrx_word' id='word_1_307' title='bbox 1108 4037 1172 4091; x_wconf 90' lang='lat' dir='ltr'><strong>Am.</strong></span> <span class='ocrx_word' id='word_1_308' title='bbox 1189 4033 1235 4093; x_wconf 89' lang='grc' dir='ltr'><strong>Π.</strong></span> <span class='ocrx_word' id='word_1_309' title='bbox 1255 4039 1312 4092; x_wconf 76' lang='grc' dir='ltr'><strong>371ε</strong></span> 
     </span>
    </p>
   </div>
   <div class='ocr_carea' id='block_1_13' title="bbox 185 1271 1367 1433">
    <p class='ocr_par' dir='ltr' id='par_1_17' title="bbox 185 1271 1367 1433">
     <span class='ocr_line' id='line_1_38' title="bbox 185 1271 1367 1433; baseline -0.007 -18"><span class='ocrx_word' id='word_1_310' title='bbox 185 1346 234 1415; x_wconf 85' lang='lat' dir='ltr'><strong>SI</strong></span> <span class='ocrx_word' id='word_1_311' title='bbox 257 1347 348 1429; x_wconf 78' lang='lat' dir='ltr'><strong>Qm</strong></span> <span class='ocrx_word' id='word_1_312' title='bbox 372 1347 530 1414; x_wconf 67' lang='lat' dir='ltr'>VELIT</span> <span class='ocrx_word' id='word_1_313' title='bbox 552 1351 691 1433; x_wconf 78' lang='lat' dir='ltr'><strong>sortasse</strong></span> <span class='ocrx_word' id='word_1_314' title='bbox 714 1350 937 1414; x_wconf 78' lang='lat' dir='ltr'><strong>Hetteuisnius</strong></span> <span class='ocrx_word' id='word_1_315' title='bbox 961 1355 1017 1413; x_wconf 78' lang='lat' dir='ltr'><strong>est.</strong></span> <span class='ocrx_word' id='word_1_316' title='bbox 1034 1349 1073 1412; x_wconf 89' lang='grc'><strong>18</strong></span> <span class='ocrx_word' id='word_1_317' title='bbox 1092 1345 1180 1429; x_wconf 94' lang='grc'>(100)</span> <span class='ocrx_word' id='word_1_318' title='bbox 1199 1347 1305 1411; x_wconf 83' lang='lat' dir='ltr'><strong>adiecit</strong></span> <span class='ocrx_word' id='word_1_319' title='bbox 1365 1271 1367 1344; x_wconf 49' lang='grc'><strong>4</strong></span> 
     </span>
    </p>
   </div>
   <div class='ocr_carea' id='block_1_14' title="bbox 0 0 1410 4492">
    <p class='ocr_par' dir='ltr' id='par_1_18' title="bbox 0 0 1410 4492">
     <span class='ocr_line' id='line_1_39' title="bbox 0 0 1410 4492; baseline 0 0"><span class='ocrx_word' id='word_1_320' title='bbox 0 0 1410 4492; x_wconf 95' lang='lat' dir='ltr'><strong> </strong></span> 
     </span>
    </p>
   </div>
  </div>
 </body>
</html>
