2788 4500
734 244 775 307 52

166 443 435 524 congressionem,
464 463 559 525 quam
582 448 738 526 provocat
756 439 810 504 illa
834 443 1050 526 praesumptio
1073 442 1248 508 dicentium
1270 442 1327 507 Rs

163 568 275 611 manos
294 568 358 631 pro
381 549 494 612 merito
516 546 731 631 religiositatis
756 543 811 626 (cf.
826 547 878 610 25.
904 544 995 628 (164)
1010 549 1182 632 releqiouis
1196 549 1326 630 meritis)

163 652 426 738 diligentissimae
463 655 498 717 in
535 661 658 718 tantum
688 652 891 717 sublimitatis
920 653 1030 719 elatos.
1063 655 1105 719 27
1138 654 1229 737 (169)
1264 657 1327 720 illos

164 781 337 842 numquam
359 761 459 844 magis
483 758 754 845 detriumphamus
765 781 860 844 quam
872 781 1018 844 cumpro
1029 761 1108 844 fidei
1119 762 1327 827 obstinatione

163 864 358 930 damnamur.
391 866 433 929 42
465 862 555 946 (225)
589 863 653 930 Sed
677 874 783 930 cetera
813 866 981 950 vectigalia
1002 870 1121 952 gratias
1145 867 1327 934 Christianis

165 981 260 1057 agent
295 995 335 1037 ex
371 972 433 1038 lide
472 972 726 1058 dependentibus
762 971 914 1052 debitum,
943 995 1006 1058 qua
1029 975 1132 1039 alieno
1155 974 1327 1040 fraudando

164 1079 369 1158 abstinemus,
401 1087 446 1157 ut,
475 1081 502 1143 si
527 1081 651 1144 ineatur
667 1087 820 1163 quantum
849 1079 1061 1164 vectigalibus
1089 1090 1200 1167 pereat
1222 1081 1328 1146 fraude

164 1194 197 1250 et
220 1186 386 1251 mendacio
409 1193 587 1251 vestrarum
609 1185 853 1271 professionum,
878 1185 974 1250 facile
996 1189 1077 1252 ratio
1094 1187 1204 1253 haberi
1221 1191 1325 1274 possit,
1369 1193 1370 1206 ¹

163 1295 256 1357 unius
269 1295 389 1380 speciei
395 1294 524 1378 querela
533 1301 730 1380 conpensata
734 1314 798 1376 pro
812 1287 976 1358 aarum
988 1307 1165 1359 ceterarum
1176 1296 1327 1359 rationum

163 1397 218 1479 (τ
253 1399 421 1464 commodo
455 1408 516 1464 cet.
552 1396 623 1480 rat.)
659 1401 702 1464 45
738 1395 828 1480 (230)
864 1399 1052 1483 Recogitate
1087 1423 1125 1466 ea
1157 1403 1253 1466 etiam
1271 1422 1327 1485 pro

104 1558 107 1562 .
163 1507 317 1571 brevitate
333 1508 481 1593 supplicii
497 1505 677 1584 cuiuslibet,
702 1528 766 1571 non
789 1513 896 1570 tamen
908 1507 991 1570 ultra
1001 1515 1135 1572 mortem
1146 1509 1325 1572 remansuri.

164 1611 219 1692 (cf.
243 1613 341 1706 Kalb.
362 1613 462 1678 Roms
486 1612 637 1677 Juristen.
664 1635 716 1698 pg.
743 1610 829 1693 140).

206 1707 374 1785 insolitam
407 1721 733 1806 circumscriptionem
767 1720 895 1790 obviam
928 1714 1081 1786 habemus
1106 1721 1148 1783 24
1180 1705 1271 1801 (151)
1298 1718 1326 1782 Si

163 1829 248 1891 enim
281 1849 345 1891 non
379 1835 455 1891 sunt
488 1826 540 1891 dei
570 1847 635 1910 pro
662 1832 756 1904 cerlo,
784 1849 844 1891 nec
873 1819 988 1912 religio
1009 1847 1073 1912 pro
1106 1832 1189 1891 certo
1213 1835 1282 1902 est;
1305 1828 1326 1888 si

161 1933 273 2018 religio
304 1955 370 1998 non
393 1941 452 2012 est,
477 1935 552 2019 quia
575 1955 634 1998 nec
658 1932 710 2006 dei
729 1953 793 2016 pro
815 1939 909 2014 certo,
933 1939 993 1999 nec
1016 1956 1074 1998 nos
1093 1954 1158 2017 pro
1180 1938 1265 1998 certo
1287 1934 1326 1995 rei
1369 1935 1370 1984 l

163 2061 272 2104 sumus
294 2039 399 2104 laesae
421 2040 593 2125 religionis.

206 2131 314 2211 Etiam
335 2146 511 2211 masiliam
532 2146 592 2210 hac
615 2147 851 2231 praepositione
874 2145 1015 2212 indicare
1037 2146 1253 2211 Tertullianus
1270 2167 1329 2210 non

162 2252 322 2318 ausiaci
344 2249 400 2333 (ef.
425 2251 508 2318 sau.
532 2253 596 2317 uu.
620 2251 761 2319 versas.
785 2252 843 2317 uer
864 2254 918 2319 ut.
943 2251 1014 2340 sps.
1039 2277 1070 2340 p.
1098 2252 1173 2335 136)
1187 2254 1229 2318 25
1245 2252 1328 2334 (rto
1368 2241 1369 2246 '

163 2357 293 2424 Scilicet
325 2361 387 2424 ista
420 2382 542 2424 merces
571 2359 725 2424 Romanis
760 2358 872 2424 adeis
890 2381 956 2444 pro
976 2360 1086 2445 pratia
1109 2382 1252 2446 expensa
1275 2369 1328 2424 est.

163 2464 196 2547 (ἰ.
220 2489 248 2531 e.
271 2469 353 2552 grati
375 2468 472 2531 animi
495 2464 685 2532 testificandi
708 2464 827 2548 causa).
1175 2469 1183 2484 ’

685 2780 811 2850 uu.¹

209 2952 400 3041 Saepissime
423 2954 460 3017 dc
483 2953 717 3039 praepositione
740 2955 839 3016 utitur
860 2953 1084 3034 Tertullianus,
1109 2953 1208 3018 ubic
1232 2956 1288 3020 vel
1300 2977 1333 3018 es
1366 2933 1367 2943 ¹

164 3061 414 3146 praepositiones
461 3053 666 3144 exspectes.²
701 3061 721 3122 2
757 3056 825 3139 (18)
871 3059 1019 3144 Denique
1065 3063 1120 3145 qui
1153 3062 1191 3124 de
1217 3061 1333 3126 tabella

164 3168 304 3230 recitatis
328 3165 416 3229 illum
439 3163 664 3242 Christianum,
681 3187 738 3229 cur
752 3187 816 3228 non
832 3173 865 3229 et
879 3162 1090 3230 homicidam?
1114 3168 1134 3230 2
1148 3163 1216 3247 (15)
1234 3166 1333 3234 Veri-

103 3273 107 3296 '
165 3275 238 3338 tatis
264 3271 500 3356 extorquendae
523 3270 684 3358 praesides
707 3273 745 3335 de
760 3269 852 3346 nobis
864 3272 940 3336 solis
952 3271 1154 3338 mendacium
1164 3272 1334 3338 elaboratis

165 3379 284 3446 audire.
321 3375 431 3458 2(14)
467 3380 522 3463 qui
555 3376 650 3441 hodie
684 3379 722 3441 de
755 3377 905 3442 confesso
939 3377 1099 3443 homicida
1110 3378 1260 3444 ordinem
1284 3403 1334 3444 ex-

165 3488 319 3570 torquetis
354 3483 494 3550 admissi.
529 3485 547 3546 2
574 3480 642 3564 (17)
678 3482 760 3548 Cum
790 3485 888 3568 igitur
921 3486 954 3548 in
988 3485 1135 3549 omnibus
1162 3507 1220 3550 nos
1248 3489 1336 3552 aliter
1363 3507 1364 3530 l

166 3591 342 3676 disponatis
377 3614 471 3675 quam
505 3598 627 3655 ceteros
662 3597 824 3673 nocentes,
853 3590 893 3655 ad
918 3613 1015 3655 unum
1037 3591 1280 3673 contendendo,
1305 3605 1334 3658 ut

166 3701 203 3763 de
225 3720 263 3762 eo
287 3699 413 3762 nomine
436 3696 651 3762 excludamur.
676 3698 695 3760 9
720 3694 788 3778 (52)
813 3699 888 3762 item
911 3697 958 3762 illi
980 3700 1036 3783 qui
1058 3701 1095 3764 de
1111 3721 1209 3764 arena
1223 3700 1336 3766 ferinis
1362 3719 1363 3762 1

206 3908 215 3933 ¹
241 3909 277 3962 cf.
303 3907 415 3962 Kahncr
440 3907 480 3962 II.
507 3925 535 3977 p.
562 3907 615 3960 362
642 3906 720 3974 591.
740 3906 830 3960 Hand.
848 3899 962 3961 Tursell.
981 3907 1020 3962 II.
1039 3925 1066 3978 p.
1086 3909 1136 3964 183
1154 3927 1214 3981 sqq.
1233 3912 1336 3980 Reisip.

166 3997 271 4051 Vorles.
290 4011 318 4066 p.
337 3997 388 4051 720
405 4013 464 4066 sqq.
481 3996 558 4050 Kalb.
576 3996 662 4050 Roms
679 3995 802 4050 Juristcn
820 4012 865 4066 pg.
885 3996 928 4050 69.
1206 4005 1208 4012 ’
1361 3995 1362 4044 l

206 4083 340 4138 'Rdnsch
358 4084 381 4136 I.
399 4100 426 4136 u.
445 4084 481 4139 V.
500 4100 527 4153 p.
546 4084 606 4137 395.
