2788 4500
702 247 744 309 72

137 437 238 502 salute
273 441 498 524 imperatorum
540 441 636 507 deum
659 444 844 507 invocamus
869 450 1043 519 aeternum,
1067 440 1164 505 deum
1189 464 1309 518 verum,

73 605 77 612 .
137 566 232 628 quem
254 553 286 609 et
309 548 371 632 ipsi
394 549 601 633 imperatores
625 550 798 634 propitium
821 547 883 612 sibi
898 557 1025 634 praeter
1040 555 1164 612 ceteros
1177 550 1310 613 malunt.

136 647 250 714 Sciunt
272 655 343 736 quis
367 653 428 718 illis
453 652 579 719 dederit
602 656 780 741 imperium.

180 757 281 836 ldem,
306 761 441 824 equdem
463 762 532 825 viru
555 762 675 826 uoces
698 783 799 845 queam
815 760 931 846 „ipse”
946 761 1112 846 legitur:9
1131 757 1199 842 (47)
1212 761 1313 826 Tibe·

134 866 211 946 rina,
247 867 301 950 qui
334 870 459 932 eosdcru
493 869 675 934 sacerdotes
710 871 743 933 in
778 871 897 933 eisdem
931 868 1096 933 arboribus
1127 867 1240 953 templi
1264 871 1314 932 sui

136 970 422 1038 obumbratricibus
459 976 615 1039 scelerum
650 977 769 1039 votivis
799 975 947 1040 crucibus
972 977 1120 1062 exposuit
1143 971 1199 1055 (cf.
1225 975 1331 1066 ΚιιίὁΙ

140 1076 257 1155 „Rorns
280 1077 424 1145 Juristen
448 1082 530 1145 nach
553 1081 638 1146 ihrer
662 1081 804 1169 Sprache
828 1080 1041 1167 dargestellt.”
1068 1105 1101 1168 p.
1127 1079 1215 1162 140).

178 1184 365 1250 Prouomeu
387 1189 612 1272 Reuprocuru.
644 1192 655 1229 ¹
683 1189 846 1267 Quoniam
868 1191 901 1252 in
913 1188 1069 1252 latinitate
1085 1209 1213 1269 aeneae,
1229 1211 1313 1272 quae

135 1288 261 1369 dicitur,
286 1295 399 1357 aetatis
422 1296 577 1360 alteruter
599 1295 684 1360 idem
708 1296 793 1359 valet
816 1294 1058 1380 quoduterque‚
1072 1294 1200 1358 obviam
1211 1295 1314 1359 habe-

136 1418 207 1460 mus
230 1419 288 1482 pro
317 1405 470 1484 „uterque
492 1400 688 1485 utrumque”
717 1398 929 1482 (Thielmanm
953 1400 1088 1465 Archiv.
1112 1399 1195 1466 VH.
1222 1403 1255 1465 3.
1280 1425 1312 1488 p.

137 1501 214 1584 360)
238 1510 373 1587 uterque
393 1507 609 1571 alterutrum”
638 1505 848 1589 (Thielmann,
873 1507 1007 1572 Archiv.
1032 1505 1116 1574 VH.
1141 1508 1171 1571 3.
1185 1531 1217 1593 p.
1232 1507 1311 1589 361)

139 1610 155 1672 1
182 1607 227 1691 (6)
251 1611 304 1675 Ita
326 1618 505 1698 utrurupue
528 1637 566 1678 eu
590 1616 747 1680 alterutro
770 1614 999 1700 redarguimus
1024 1623 1056 1679 et
1067 1617 1214 1699 ignorare
1225 1617 1310 1693 illos

136 1715 213 1781 dum
235 1717 382 1798 oderrmt,
407 1728 440 1784 et
463 1723 579 1786 iniuste
603 1720 719 1801 odisse,
745 1721 821 1807 dum
843 1725 1000 1806 ignorant.

179 1824 387 1889 Alterutrum
423 1826 508 1891 idem
532 1829 689 1912 significat
713 1828 799 1913 quod
827 1830 926 1906 „ulter
948 1830 1103 1904 utterum3
1127 1835 1202 1892 uter
1224 1831 1313 1893 enim
1379 1809 1380 1860 i

136 1951 312 2014 pronomen
335 1955 461 2018 quoque
484 1933 684 1998 indefinitum
707 1943 775 2000 erat
797 1944 829 1999 et
852 1957 953 2020 paene
976 1934 1062 1999 idem
1085 1934 1188 2020 quod:
1212 1938 1311 2012 alter3

135 2035 179 2099 ci.
208 2035 276 2102 Cic.
301 2037 398 2104 Verr.
422 2039 468 2105 H.
495 2042 525 2106 3.
551 2043 592 2105 35
622 2044 667 2119 „si
690 2048 764 2106 uter
786 2042 874 2106 volet
898 2038 942 2121 (in
961 2039 1089 2123 edicto).
1102 2040 1313 2108 Vocabulum

140 2142 362 2219 „alterutrum”
389 2169 429 2210 ex
452 2147 567 2212 Africa
589 2156 694 2213 ortum
717 2170 788 2212 esse
812 2155 959 2223 constat;
984 2147 1069 2234 apud
1082 2147 1214 2213 Florum
1226 2152 1313 2214 enim
1380 2201 1381 2228 q

135 2251 272 2335 primum
305 2253 467 2317 invenitur
501 2276 559 2340 pro
599 2255 696 2333 „alius
721 2255 828 2332 alium,
851 2255 931 2319 alter
953 2253 1107 2319 alterum'’
1133 2252 1185 2336 (Ρ.
1212 2256 1312 2320 Annii

135 2354 237 2421 Flori:
260 2356 418 2443 Virgilius
443 2368 550 2426 orator
572 2355 613 2426 dn
637 2361 749 2447 poeta''
777 2385 808 2448 p.
836 2363 909 2426 106.
937 2363 976 2426 18
1000 2361 1188 2426 manualter
1202 2371 1312 2426 utrum

135 2461 323 2546 tenentes)’'
362 2468 381 2530 9
419 2463 487 2549 (51)
522 2467 575 2532 De
610 2470 772 2553 sauguinis
801 2467 917 2553 pabulo
942 2475 974 2532 et
997 2466 1152 2532 eiusmodi
1177 2470 1311 2552 tragicis
1381 2495 1382 2512 .

133 2570 264 2635 ferculis
287 2572 383 2657 legite
406 2571 524 2638 necubi
546 2573 680 2638 relatum
704 2575 745 2637 sit
773 2570 835 2654 (est
847 2572 932 2660 apud
943 2572 1156 2652 Herodotum,
1170 2571 1310 2659 opinor),

134 2675 283 2741 defusum
315 2679 453 2744 brachiis
482 2681 667 2763 sanguinem
691 2701 730 2744 eu
756 2680 921 2744 alterutro·
936 2678 1139 2764 degustatum
1161 2681 1311 2745 nationes

134 2783 289 2867 quasdam
323 2784 446 2850 foederi
483 2807 696 2871 comparasse.
733 2781 941 2869 (saupuiueur
964 2792 994 2850 et
1016 2787 1172 2850 alterutro
1195 2785 1307 2868 Fuld.)

134 2889 176 2952 39
202 2886 291 2971 (202)
316 2899 348 2954 et
372 2888 471 2982 (vide)
495 2900 531 2957 ut
554 2914 611 2978 pro
634 2893 791 2956 alterutro
813 2893 894 2956 mori
918 2893 982 2956 sint
1004 2894 1122 2978 parati;
1147 2893 1209 2977 ipsi
1223 2894 1311 2957 enim

102 3177 107 3189 ¹
171 3117 179 3144 ¹
198 3087 233 3174 ci.
252 3119 302 3173 Ph.
334 3118 493 3173 Threlmauu
513 3120 585 3185 „Der
602 3120 698 3173 Ersatz
716 3113 770 3172 des
782 3118 976 3189 Reciprocums
994 3118 1033 3171 im
1049 3117 1262 3172 lateinischen”
1282 3120 1311 3172 in

135 3207 253 3274 „Archiv
278 3208 326 3262 fiir
349 3207 508 3262 lateinische
534 3208 749 3278 lexicographie
776 3206 833 3261 und
859 3207 1060 3272 Grarurnatik’'‚
1085 3206 1153 3261 VII.
1172 3207 1188 3260 3
1208 3224 1236 3276 p.
1255 3207 1311 3262 343

17 3329 18 3333 κ
132 3314 171 3367 sq.
198 3298 317 3366 Draeper
344 3314 433 3368 pauca
450 3302 561 3351 tantum
578 3297 690 3368 praebet
708 3298 733 3352 I.
752 3296 795 3352 70.
814 3297 928 3376 609Ιεᾳ;
946 3296 971 3351 Ι.
989 3314 1016 3366 p.
1038 3296 1100 3360 106;
1119 3295 1217 3349 melius
1235 3295 1311 3352 hanc

133 3404 191 3440 rem
209 3388 338 3441 tractavit
360 3387 526 3456 Ndpelsbueh
545 3385 607 3442 Stil.
625 3404 652 3456 p.
672 3387 723 3441 281
744 3404 801 3458 sqq.
811 3407 818 3452 ;
837 3378 1121 3440 multa'inveniuntur
1139 3402 1184 3455 ap.
1214 3385 1310 3440 Haud.

132 3475 209 3530 [lius.
237 3477 290 3531 397
318 3494 375 3546 sqq.
403 3482 438 3530 et.
461 3477 515 3530 453
534 3493 592 3546 sqq.
611 3475 655 3529 De
673 3475 870 3546 significatione
889 3475 1018 3546 reciproci
1036 3474 1111 3545 apud
1129 3473 1263 3527 Plautum
1283 3481 1312 3529 et

132 3564 291 3619 Terentium
317 3566 425 3635 scripsit
452 3565 605 3618 Dembr'txer
623 3563 669 3632 (cf.
688 3562 732 3618 die
754 3564 888 3634 „Anaeige
906 3565 945 3617 im
963 3563 1073 3617 Archiv.
1093 3561 1253 3630 111.296.);
1274 3561 1310 3617 de

132 3653 268 3725 reciproco
286 3654 315 3706 in
333 3653 469 3706 latinitate
487 3652 668 3707 ecclesiastica
686 3652 721 3706 cf.
740 3652 897 3720 Koffmaue:
916 3651 1015 3707 Gesch.
1028 3651 1075 3705 des
1087 3649 1310 3705 Kirchenlateins

132 3741 155 3794 Ι.
174 3758 203 3812 p.
224 3742 273 3796 138
292 3759 331 3812 sq.
351 3740 461 3795 Kauleu
479 3740 594 3795 Handb.
612 3758 662 3795 zur
678 3742 763 3812 Vulg.
782 3759 809 3811 p.
822 3741 872 3795 142
882 3758 922 3811 sq.
929 3761 936 3805 ;
959 3738 1309 3795 OttinFleckeis.Jahrbb.

135 3830 203 3885 1889
230 3847 256 3900 p.
276 3830 328 3884 265
347 3847 406 3899 sqq.
425 3834 452 3883 et
472 3830 541 3884 1888
559 3846 587 3900 p.
605 3829 659 3883 272
677 3847 730 3900 sq.;
751 3829 933 3900 Reciprocum
951 3845 999 3899 per
1016 3828 1161 3899 parataxin
1180 3826 1308 3882 substau-

132 3919 252 3973 tivorum
270 3918 305 3972 cf.
324 3917 472 3986 Laudaret
484 3919 513 3971 in
531 3917 641 3972 Archiv.
660 3919 697 3972 V.
718 3918 766 3972 161
787 3935 853 3989 sqq..
872 3925 901 3972 et
919 3917 1088 3972 Hausclrild:
1107 3917 1222 3970 Aufsatz
1238 3916 1309 3972 fiber

130 4006 285 4061 Paratarren
313 4007 357 4060 bei
384 4007 543 4075 Tertullian,
571 4007 600 4059 in
625 4006 678 4060 den
707 4007 767 4060 Ber.
797 4006 844 4060 des
862 4006 948 4060 freien
965 4005 1113 4060 deutschen
1132 4004 1307 4060 Hochstiftes

135 4095 203 4149 1890
221 4113 249 4165 p.
267 4095 319 4149 279
338 4112 396 4165 sqq.
