2808 4492
694 188 754 250 122

1353 161 1377 332 1

1367 323 1377 394 i

138 382 280 447 Necesse
302 389 351 446 est
373 383 467 465 igitur
491 403 592 466 pauca
615 378 814 463 (loquamur)
838 382 878 446 de
903 381 1044 447 Christo.
1075 386 1117 448 21
1135 381 1221 466 (133)
1233 383 1294 448 Non

139 513 201 574 qua
235 491 361 574 rupices
397 495 429 551 et
451 486 555 551 adhuc
578 486 664 550 feros
687 487 832 552 homines
856 489 1055 553 multitudini
1078 498 1129 554 tot
1151 492 1296 554 numinum

138 594 400 661 demerendorum
424 594 576 658 attonitos
601 591 767 658 efficiendo
791 594 832 658 ad
855 595 1088 660 humanitatem
1112 604 1296 682 temperaret,

139 702 224 787 quod
247 702 353 765 Numa
377 698 556 784 (faciebat).
582 701 623 763 22
649 697 739 781 (134)
764 700 879 765 Omnis
905 704 1012 766 sciunt
1035 700 1298 789 [6616611666-
1377 763 1378 780 ,

137 807 222 890 nas),
247 811 341 872 etiam
364 807 479 891 tulgus
502 805 666 880 indoctum
689 809 722 870 in
738 829 831 871 usum
853 808 1016 873 maledicti
1030 805 1107 891 (eos)
1121 809 1299 894 frequentat.
1377 789 1378 796 .

139 917 180 979 23
206 912 295 996 (143)
320 912 384 977 Sed
407 912 560 977 hactenus
584 912 702 988 verba;
726 915 789 977 iam
811 914 887 978 hinc
910 895 1144 980 demonstratio
1157 918 1204 980 rei
1216 918 1302 1002 ipsius

135 1018 324 1105 (sequatur).
361 1021 403 1083 24
439 1016 529 1101 (157)
564 1019 653 1083 Β616
686 1016 756 1101 (est)
792 1019 1046 1104 quodomnium
1074 1020 1157 1086 deus
1184 1019 1224 1103 (is
1246 1019 1294 1102 est)

138 1131 228 1193 6111116
262 1127 397 1193 velimus
436 1133 490 1189 aut
516 1126 652 1189 nolimus
676 1147 786 1189 omnes
811 1147 930 1190 sumus,
956 1128 998 1191 29
1025 1124 1119 1209 (172)
1144 1127 1218 1193 ideo
1240 1149 1303 1212 eigo

137 1236 362 1300 committimus
406 1229 534 1314 (666166)
571 1234 604 1313 in
642 1234 840 1297 maiestatem
877 1235 1089 1318 imperatoris.
1131 1235 1176 1298 30
1226 1232 1303 1316 (173)

181 1341 263 1405 Illuc
295 1341 504 1424 suspicientes
537 1333 642 1421 (sunt)
676 1336 849 1402 Christiani
881 1339 1029 1403 manibus
1054 1343 1218 1426 expansis,
1241 1343 1306 1425 quia

137 1450 282 1513 innocuis
306 1443 396 1532 (prot
420 1445 500 1528 quia
522 1466 643 1509 manus
665 1445 828 1509 innocuae
848 1443 950 1527 sunt).
977 1445 1018 1508 31
1039 1444 1128 1526 (177)
1145 1445 1210 1511 Sed
1223 1449 1306 1511 etiam

137 1557 324 1620 nominatim
346 1562 450 1638 atque.
464 1552 652 1617 manifeste:
677 1552 787 1632 Orate,
811 1555 916 1638 inquit
932 1554 1144 1637 (Apostolus).
1170 1556 1212 1619 33
1229 1551 1305 1635 (178)
1375 1533 1379 1632 (

140 1661 212 1750 Sed
235 1659 312 1745 quid
336 1682 394 1744 ego
418 1659 552 1744 amplius
577 1657 616 1722 de
639 1659 792 1742 religione
816 1667 910 1743 atque
934 1661 1054 1744 pietate
1078 1659 1261 1726 Oh1istiana
1279 1661 1307 1722 11
1377 1635 1380 1658 l

140 1771 362 1854 imperatorem
385 1762 539 1845 (dicuin)P
564 1766 606 1828 34
630 1763 719 1845 (180)
745 1764 850 1829 dicam
866 1765 960 1851 plane
976 1768 1205 1852 imperatorem
1216 1767 1307 1832 domi-

140 1897 225 1952 num,
259 1871 316 1936 sed
348 1893 434 1935 more
465 1873 623 1934 communi
647 1865 863 1954 liifaciant),
889 1870 947 1936 sed
969 1872 1101 1956 quando
1121 1896 1189 1940 non
1210 1896 1307 1958 cogor,

138 1991 174 2046 ut
208 1980 369 2044 dominum
404 1977 456 2041 dei
489 1979 559 2041 vice
589 1976 704 2040 dicam.
736 1977 779 2040 34
809 1975 899 2058 (181)
932 1977 1113 2064 Tamquam
1146 1983 1174 2044 si
1196 1980 1308 2044 habens

139 2091 360 2174 imperatorem
399 2084 530 2148 alterum
562 2080 814 2166 (imperatorem)
839 2084 992 2169 appelles,
1017 2107 1125 2151 nonne
1149 2089 1309 2152 maximam
1379 2105 1380 2116 ¹

139 2203 172 2259 ct
200 2192 427 2258 inexorabilem
456 2188 611 2255 offensam
633 2189 801 2254 contrahes
826 2191 893 2253 eius
918 2213 1013 2275 quem
1036 2191 1180 2257 habuisti
1204 2191 1309 2276 (inipe-

138 2298 303 2381 16161661),
328 2301 422 2364 etiam
445 2299 507 2382 ipsi
531 2295 704 2388 timendam
728 2317 822 2380 quem
845 2295 1014 2382 appellasti
1038 2295 1309 2383 (imperatcrcni)?

139 2409 180 2472 35
207 2404 296 2489 (182)
321 2403 452 2470 Grande
475 2401 627 2467 videlicet
649 2400 798 2479 officium,
822 2401 915 2467 16666
941 2411 973 2467 et
995 2412 1083 2468 toros
1105 2407 1140 2470 in
1155 2406 1310 2492 publicum

138 2515 283 2593 educere,
308 2513 439 2603 vicatim
463 2509 593 2597 epulari,
618 2511 781 2574 civitatem
804 2509 956 2575 tabernae
977 2510 1090 2575 habitu
1106 2511 1309 2586 abolefacere,

138 2624 216 2686 cino
248 2624 357 2686 161666
391 2615 1310 2702 6696166611.11616666616661611666161111166
1380 2657 1381 2692 3

137 2731 187 2794 ita
206 2734 245 2793 ut
269 2730 377 2792 tntum
400 2726 472 2808 fiat.
497 2720 731 2807 (6166661166
753 2723 859 2806 facere
875 2730 899 2787 1.
917 2725 1124 2788 uinulentum
1140 2714 1309 2810 6696611).

139 2839 158 2900 2
196 2832 263 2916 (14)
296 2832 410 2918 Itaque
445 2853 505 2895 nec
539 2832 572 2894 in
607 2829 660 2894 illo
692 2851 733 2894 ex
763 2829 867 2894 torma
897 2830 1052 2894 malorum
1075 2831 1311 2897 iudicandorum

138 2945 233 3028 agitis
269 2963 343 3026 erga
377 2961 446 3018 166,
482 2936 568 3022 quad
604 2937 718 3001 ceteris
748 2935 939 3019 negantibus
968 2945 1129 3002 tormenta
1162 2936 1312 3002 adhibetis

139 3052 182 3115 61
206 3048 429 3132 confitendum
457 3039 547 3130 (pro:
579 3049 619 3107 61
648 3043 800 3125 confiteri
827 3046 1004 3127 coquntur),
1028 3044 1105 3108 solis
1130 3042 1314 3110 Christianis

138 3160 182 3223 ad
204 3156 391 3241 nequedum
416 3150 505 3238 ipro:
529 3146 909 3234 6166961666966161).
935 3150 976 3212 35
1001 3144 1096 3232 (185)
1121 3148 1187 3215 Sed
1206 3149 1314 3233 vulgus

140 3264 233 3348 (16116
255 3259 482 3348 1661116616.
506 3256 555 3322 Ut
571 3256 683 3341 vulgus
701 3253 779 3338 (sit),
792 3263 899 3320 tamen
911 3256 1050 3320 Romani
1062 3265 1147 3321 sunt.
1174 3259 1216 3321 35
1229 3251 1315 3337 (187)

140 3372 238 3438 Unde
262 3372 316 3455 qui
341 3369 453 3432 armati
468 3366 621 3451 palatium
636 3366 831 3449 inrumpunt,
845 3363 998 3427 omnibus
1014 3368 1060 3427 161
1073 3363 1214 3446 81961116
1225 3368 1317 3444 atque

141 3477 330 3544 Partheniis
365 3471 578 3538 audaciores?
613 3465 781 3555 (omnibus
818 3469 956 3552 Sicaniis
990 3475 1087 3552 atque
1120 3468 1317 3543 Partheniis,

141 3605 283 3670 querunt
318 3587 431 3646 tantus
463 3584 509 3643 est
532 3598 702 3654 numerus,
726 3575 936 3652 audaciores).
961 3576 1004 3639 40
1029 3575 1120 3657 (210)
1145 3575 1181 3641 Si
1196 3576 1319 3640 Tiberis

141 3690 287 3757 aseendit
321 3691 354 3752 in
385 3688 519 3763 moenia,
552 3686 579 3748 61
602 3684 695 3748 Nilus
719 3704 784 3746 non
807 3681 955 3746 ascendit
978 3684 1011 3747 in
1034 3705 1122 3761 arva,
1148 3685 1175 3747 si
1199 3682 1321 3748 caelum

142 3801 242 3875 stetit,
268 3799 294 3860 si
317 3804 402 3859 terra
424 3793 534 3870 movit,
560 3793 587 3854 si
611 3789 723 3867 161166,
748 3789 878 3867 siluae,
903 3791 1011 3854 statim
1038 3788 1258 3866 ,Christianos
1283 3784 1322 3851 ad

141 3901 284 3968 leonem''
312 3900 516 3965 adclamatur.
541 3896 661 3960 Tantos
685 3881 725 3959 ad
749 3897 869 3977 11111111
893 3896 936 3959 40
960 3892 1048 3978 (215)
1074 3895 1212 3961 eundem
1228 3897 1323 3980 igitur

142 4031 227 4073 nunc
251 4028 377 4092 quoque
401 4006 482 4068 scire
506 4001 602 4065 debet
623 4003 739 4064 iratum
762 4022 855 4084 quem
885 4009 917 4065 et
931 4009 1015 4065 retro
1031 3997 1185 4085 (1161616)
1199 4021 1324 4087 semper
